3050 4942
1001 393 1100 443 nn
1146 396 1426 446 METRIS
1473 398 1792 447 coM101s.
2358 383 2487 450 223

297 537 508 599 ultima
536 558 655 598 non
684 538 929 619 amplius
954 539 1238 612 ultimam,
1270 539 1376 604 sed
1399 542 1472 600 ab
1500 541 1709 601 ultima
1729 539 2049 602 secundam
2078 541 2279 601 sedern
2306 560 2485 606 occu-r

294 645 436 714 pet:
481 654 533 693 e.
562 655 621 714 g.
652 636 732 707 in,
764 637 930 709 Deae,
960 635 1187 695 acuitur
1217 636 1421 715 prima,
1444 637 1505 695 in
1538 638 1822 716 Deaeque,
1853 637 2135 698 secunda.

304 765 307 770 >
376 733 584 805 Sexte,
630 732 691 791 in
721 732 1076 812 dissyllabis,
1106 751 1353 811 quorum
1382 733 1538 812 prior
1583 734 1772 793 brevis
1815 744 1933 803 est,
1977 734 2162 793 altera
2187 733 2387 815 longa,
2435 735 2484 795 si

292 845 524 885 caesura
548 828 609 886 in
639 828 900 890 diversos
930 828 1123 908 pedes
1152 828 1572 901 distrahantur,
1601 839 1879 889 accentus
1909 830 2242 889 necessario
2271 830 2485 909 migrat

289 921 349 980 in
379 923 646 983 ultimam
663 945 680 993 ;
713 926 873 1004 quod
900 926 1035 985 ideo
1057 926 1281 985 licitum
1310 926 1442 998 fuit,
1472 926 1611 1005 quia
1638 928 1759 985 fieri
1788 946 1906 986 non
1935 936 2166 1005 poterat
2193 937 2259 985 ut
2286 928 2479 1007 poe'tae

289 1017 406 1079 hac
453 1020 695 1081 licentia
720 1043 840 1083 non
868 1032 1212 1091 uterentur:
1256 1022 1387 1102 ipsa
1436 1025 1604 1083 metri
1652 1023 1972 1086 necessitas
2003 1032 2267 1082 excusat.
2353 1023 2481 1098 Nec

288 1116 460 1176 vitari
518 1129 719 1197 potest
785 1121 844 1178 in
904 1120 1162 1198 cujusvis
1221 1121 1453 1198 generis
1517 1121 1814 1192 iambiciS,'
1856 1121 2086 1200 quoties
2144 1140 2351 1181 versus
2405 1122 2479 1180 ab

288 1212 629 1292 hujusmodi
659 1236 802 1277 voce
845 1217 1082 1296 incipit:
1128 1228 1214 1290 et,
1262 1218 1311 1276 si
1341 1219 1399 1277 in
1443 1219 1622 1277 talem
1664 1218 1918 1290 desinat,
1948 1237 2336 1296 quaecumque
2363 1236 2478 1276 vox

286 1312 680 1387 praecesserit,
708 1313 914 1373 ultima
942 1314 1069 1392 ejus
1099 1314 1328 1393 syllaba
1357 1315 1405 1372 si
1436 1314 1617 1392 longa
1657 1314 1753 1385 sit,
1801 1334 1837 1373 a
1863 1314 2073 1373 ceteris
2104 1314 2339 1379 divulsa
2378 1315 2480 1374 fiet

285 1406 479 1487 prima
527 1408 721 1488 pedis'
754 1411 971 1483 cretici,
1026 1393 1296 1488 adeoque
1357 1410 1417 1468 in
1474 1409 1910 1489 pronuntiando
1970 1418 2246 1469 acuetur:
2317 1411 2478 1489 quod

284 1503 447 1564 valet
476 1505 651 1565 etiam
679 1505 740 1564 in
784 1506 1095 1570 trochaicis
1124 1506 1503 1579 catalecticiS,
1539 1507 1638 1586 qui
1683 1506 1797 1567 hac
1827 1507 1886 1564 in
1914 1517 2081 1586 parte
2111 1507 2185 1565 ab
2212 1506 2476 1567 iambicis

282 1599 431 1661 nihil
459 1601 761 1664 differunt.
2322 1622 2355 1680 j

365 1696 654 1776 Septimo,
681 1699 741 1758 in
772 1698 1091 1779 trisyllabis
1118 1699 1289 1759 metri
1318 1699 1579 1760 conditio
1607 1699 1900 1760 interdum
1928 1710 2119 1761 mutat
2146 1709 2476 1774 accentum,

279 1792 545 1872 facitque
595 1805 662 1855 ut
708 1816 740 1855 e
781 1797 970 1875 prima
1011 1798 1073 1856 in
1123 1797 1445 1857 secundam
1490 1797 1738 1875 migret:
1812 1816 1945 1856 cum
1986 1797 2212 1857 scilicet
2249 1797 2478 1877 syllaba

278 1890 477 1952 brevis
506 1902 645 1953 ante
683 1906 907 1955 mutarn
950 1905 1012 1955 et
1056 1895 1343 1975 liquidam
1394 1894 1773 1974 producitur:
1837 1905 1904 1953 ut
1952 1895 1999 1953 si
2045 1894 2366 1954 secundam
2393 1894 2474 1965 in,

277 1988 573 2063 volucres,
600 1990 916 2070 producas,
962 2013 1097 2072 quae
1148 2002 1313 2053 extra
1354 2004 1602 2052 metrum
1634 2003 1696 2051 et
1743 1992 1950 2060 inore
1996 1992 2195 2072 populi
2243 2012 2474 2071 semper

278 2086 627 2166 corripitur:
673 2089 779 2148 sed
809 2090 1090 2149 nonlicet
1117 2101 1325 2150 contra
1353 2089 1412 2147 in
1442 2089 1760 2167 trisyllabis
1792 2100 2097 2150 accentum
2143 2111 2175 2150 e
2206 2090 2471 2151 secunda

275 2183 335 2241 in
381 2184 630 2262 primam
674 2185 768 2246 vel
812 2187 1042 2247 tertiam
1098 2207 1351 2259 movere,
1406 2186 1779 2266 mediamque
1831 2187 1971 2247 licet
2023 2187 2313 2266 positione
2343 2187 2474 2247 sola

276 2279 520 2360 longam
570 2285 889 2363 corripere:
949 2305 1080 2345 cum
1139 2305 1210 2345 eo
1256 2284 1520 2364 legitima
1565 2284 1983 2364 pronuntiandi
2030 2285 2177 2344 ratio
2226 2285 2469 2344 nimium

273 2375 638 2453 immutetur,
686 2401 797 2442 nec
845 2382 1267 2441 immutationis
1319 2380 1537 2440 idonea
1593 2382 1737 2441 satis
1796 2399 1977 2441 causa
2022 2379 2300 2453 audienti,
2350 2401 2468 2460 quo

273 2474 472 2534 minus
503 2475 854 2551 offendatur,
881 2498 945 2538 se
974 2478 1271 2538 ostendat.
1342 2478 1452 2537 Est
1479 2477 1715 2557 quidem
1744 2477 1843 2536 ubi
1873 2477 2122 2536 Plautus
2151 2476 2262 2537 liae
2291 2479 2467 2537 etiam

275 2569 518 2632 licentia
545 2575 746 2649 utitur,
777 2574 882 2636 sed
887 2578 1186 2657 parcius:
1232 2595 1284 2634 e.
1315 2596 1378 2655 g.
1409 2575 1462 2635 vi
1491 2595 1714 2646 eorum,
1743 2595 1878 2653 quae
1908 2584 2117 2653 quarto
2146 2575 2280 2633 loco
2310 2574 2470 2635 dicta

276 2679 438 2741 sunt,
466 2672 755 2751 corripere
795 2674 935 2733 licet
983 2673 1306 2735 secundam
1355 2674 1438 2749 in,
1468 2672 1811 2751 voluptatiS,
1855 2670 1959 2729 sed
1989 2688 2108 2728 non
2147 2668 2302 2729 idem
2329 2672 2471 2731 licet

273 2762 356 2837 in,
387 2767 685 2847 voluptas,
714 2773 978 2850 quamvis
1006 2772 1121 2832 hoc
1147 2791 1381 2850 quoque
1412 2791 1446 2831 a
1474 2771 1691 2830 Plauto
1720 2768 1937 2847 saepius
1967 2768 2087 2826 fiat.

361 2863 561 2923 Unum
590 2884 762 2944 porro
784 2869 1138 2928 monendum
1171 2877 1442 2946 superest
1471 2867 1546 2926 de
1575 2864 2050 2945 pronuntiatione
2072 2882 2465 2923 consonarum

272 2957 292 3014 i
321 2967 383 3017 et
409 2980 471 3032 u,
500 2981 635 3039 quae
666 2982 784 3022 non
823 2973 944 3022 tam
976 2964 1120 3024 dure
1166 2963 1479 3023 efferendae
1510 2972 1670 3033 sunt,
1702 2982 1771 3021 ac
1803 2954 1960 3039 apud
1990 2979 2098 3019 nos
2126 2960 2246 3019 fieri
2290 2953 2463 3034 solet,

272 3055 380 3114 sed
410 3056 676 3118 molliore
707 3079 875 3134 son0,
905 3061 1120 3139 quique
1148 3060 1409 3142 proxime
1453 3057 1699 3119 accedat
1749 3057 1824 3116 ad
1854 3057 2017 3116 illum
2046 3076 2164 3137 quo
2203 3073 2465 3135 pronun-

274 3151 487 3212 tiamus
516 3174 557 3233 y
583 3165 645 3215 et
671 3176 760 3225 w:
805 3157 966 3237 quod
997 3168 1056 3218 et
1084 3160 1158 3217 ab
1189 3159 1318 3217 aliis
1364 3157 1588 3217 dudum
1616 3158 1989 3216 observatum
2034 3164 2147 3224 est,
2176 3164 2236 3214 et
2263 3174 2462 3213 vetum

273 3263 402 3305 esse
449 3249 686 3310 abunde
736 3262 977 3332 constat*
1027 3273 1101 3314 ex
1145 3254 1601 3313 resolutionibus
1648 3252 2003 3332 syllabarum
2049 3268 2184 3329 quae
2229 3251 2302 3309 ab
2334 3250 2461 3310 istis

269 3342 450 3404 literis
499 3346 809 3425 incipiunt,
852 3370 985 3428 quae
1031 3370 1331 3430 nunquam
1379 3360 1500 3409 tam
1547 3349 1767 3409 crebrae
1812 3349 2084 3420 fuissent,
2116 3349 2167 3406 si
2214 3333 2460 3408 Veteres

269 3438 464 3501 literas
494 3461 598 3502 eas
627 3444 836 3503 eodem
866 3467 984 3526 quo
1011 3467 1121 3506 nos
1167 3447 1345 3507 modo
1390 3446 1909 3527 pronuntiassent:
1952 3465 2087 3504 cum
2116 3443 2304 3523 majus
2335 3453 2459 3503 tum

270 3535 479 3597 fuisset
520 3539 671 3600 inter
714 3541 980 3621 ejusdem
1032 3544 1216 3602 literae
1269 3563 1470 3615 sonos,
1521 3543 1735 3622 quibus
1776 3562 1934 3601 nunc
1982 3559 2269 3608 consona,
2297 3560 2457 3598 nunc

271 3635 484 3694 vocalis
531 3634 848 3709 efferretur,
907 3639 1240 3710 discrimen,
1289 3659 1464 3717 quam
1519 3639 1682 3718 quod
1730 3659 1804 3697 ex
1862 3638 2046 3697 altera
2094 3636 2151 3694 in
2212 3635 2455 3695 alteram

270 3732 578 3789 transitum
628 3732 800 3791 facile
845 3735 965 3812 pati
1006 3734 1328 3814 potuisset:
1395 3753 1448 3792 e.
1472 3755 1532 3811 g.
1592 3733 1761 3805 inter,
1788 3733 2030 3811 pariete,
2079 3741 2158 3803 et,
2208 3731 2454 3809 pargite,

273 3827 571 3903 quomodo,
598 3847 706 3886 nos
748 3828 1066 3903 efferimus,
1111 3830 1456 3910 pernimium
1486 3829 1763 3895 interest:
1824 3828 1993 3899 inter,
2044 3826 2286 3904 pariete,
2315 3845 2454 3885 vero

270 3932 347 3993 et,
372 3933 637 4004 paryete,
664 3945 869 4004 parum
914 3926 1270 3986 admodum:
1330 3926 1438 4000 sic,
1465 3925 1687 3997 tenuia,
1732 3934 1812 3995 et,
1843 3927 2105 3995 ten-wia,
2149 3922 2305 3982 idem
2332 3923 2453 3982 fere

271 4031 499 4093 sonant,
531 4019 660 4094 sed,
689 4023 904 4095 tenuia,
933 4034 1012 4095 et,
1039 4026 1253 4098 tenvia,
1278 4045 1411 4085 curn
1438 4043 1573 4095 vau,
1593 4041 1740 4081 sono
1763 4021 2011 4080 multum
2032 4020 2264 4079 diversa
2290 4031 2452 4080 sunt»

270 4114 459 4194 Atque
484 4117 618 4177 haec
647 4120 976 4179 observatio
1006 4120 1078 4180 de
1110 4121 1258 4181 veris
1287 4121 1495 4181 harum
1527 4121 1826 4180 literarum
1856 4120 2017 4202 sonis
2045 4127 2138 4177 est
2179 4118 2452 4178 maximae

271 4228 420 4291 saepe
448 4213 751 4274 utilitatis:
792 4235 828 4274 v
858 4234 994 4336 vero
1021 4235 1345 4278 consonam
1375 4218 1460 4278 sic
1508 4215 1870 4297 pronuntiari
1908 4216 2096 4277 solere
2126 4214 2448 4300 clarissime
