3050 4942
799 424 1163 474 nAmEms
1213 426 1502 477 ιιιιιιιειι
1555 430 2071 484 msSERTA'rio.
2380 424 2518 488 101
2565 485 2569 494 ,

339 564 602 639 eruditis,
631 567 809 627 etiarn
836 568 897 628 in
928 590 1104 631 scena
1132 572 1364 653 placere
1393 585 1495 633 aut
1520 573 1778 635 debeant
1804 585 1908 636 aut
1933 578 2181 657 possint,
2210 590 2516 642 accuratus

336 680 544 721 censor
569 662 926 725 Plutarchus
951 667 1252 746 judicavit.
1333 672 1451 730 Καὶ
1492 676 1604 751 γὰρ
1631 674 1661 731 6
1697 675 1804 753 μὲι
1829 673 2157 734 ἀπαίδευτος
2185 678 2274 735 καὶ
2303 676 2515 749 ἰδιώτης

335 754 467 816 οἶς’
440 768 647 820 εκεῒνος
672 765 836 837 λέγει
871 766 1184 825 ἁλίσκεται·
1237 769 1267 825 6
1296 766 1362 827 δὲ
1406 767 1847 849 πεπαιδευμένος
1885 768 2241 852 δυσχερανεῖ.
2270 777 2425 849 λέγω
2453 774 2518 833 δὲ

332 851 399 912 τᾶ
426 857 711 930 ἀντίθετα,
739 861 831 918 καὶ
858 862 1223 938 ὁμοιόπτωτα,
1253 868 1342 924 καὶ
1369 871 1807 943 παρονομασίας.
1828 873 2032 929 τούτοις
2051 872 2162 946 γὰρ
2189 870 2219 927 6
2244 871 2353 946 μὲν
2371 876 2516 947 μετὰ

334 962 430 1010 τοῦ
457 957 822 1029 προσήκοντος
852 960 1028 1034 λόγου
1062 963 1151 1018 καὶ
1201 962 1454 1037 ὀλιγάκις
1478 972 1700 1042 χρῆται,
1745 963 2068 1040 ἐπιμελείας
2100 967 2244 1024 αυτοὶ
2269 968 2454 1039 αξιῶν·
2485 969 2516 1025 6

332 1044 392 1105 δὲ
416 1052 711 1126 πολλάκις,
757 1057 845 1112 καὶ
876 1057 971 1114 οὐκ
998 1060 1273 1135 εὖκαίρως,
1304 1061 1393 1116 καὶ
1444 1059 1687 1138 ψυχρῶς.
1773 1058 1850 1118 Et
1878 1058 2119 1120 adducit
2145 1062 2513 1141 exemplum:

330 1152 396 1201 ut
422 1164 559 1205 cum
589 1146 713 1208 τοῦς
739 1155 963 1224 ταμίας,
1009 1156 1218 1231 λαμίας
1264 1162 1460 1214 vocat.
1546 1155 1721 1228 Nam,
1770 1176 1902 1235 quae
1929 1156 2024 1216 ille
2056 1156 2132 1216 de
2164 1156 2514 1228 Menandro,

331 1240 407 1299 ad
434 1241 773 1303 Terentium
799 1246 919 1307 fere
946 1249 1142 1308 omnia
1172 1251 1370 1310 referri
1397 1261 1649 1331 possunt
1672 1272 1691 1320 ς
1731 1252 1790 1311 in
1820 1272 1937 1332 quo
1964 1252 2105 1313 nihil
2135 1251 2400 1332 putidum
2424 1263 2518 1314 est

331 1347 432 1396 aut
458 1337 742 1419 ineptum.
828 1343 1179 1425 Quanquam
1208 1347 1411 1421 multa,
1459 1352 1594 1429 'quse
1621 1351 1866 1420 notavit,
1899 1351 2094 1431 potius
2120 1350 2368 1430 Antiqui
2397 1349 2515 1409 Co-

327 1432 465 1493 mici
499 1434 768 1511 virtutes,
814 1459 991 1519 quam
1038 1441 1223 1515 illius,
1266 1443 1342 1504 de
1390 1464 1507 1523 quo
1556 1445 1634 1505 ibi
1672 1445 1982 1526 judicavit,
2030 1446 2175 1507 vitia
2218 1446 2517 1506 censenda

327 1541 487 1593 sunt.
575 1533 858 1615 Princeps
909 1537 1064 1597 enim
1111 1538 1263 1599 inter
1309 1539 1445 1600 illos
1493 1541 1624 1614 fuit,
1674 1551 1736 1601 et
1782 1541 1860 1602 ad
1906 1542 2070 1623 leges
2115 1562 2217 1604 eas
2244 1543 2419 1623 plane
2449 1562 2513 1604 se

328 1630 702 1709 composuit:
745 1630 903 1712 quod
951 1633 1027 1693 de
1078 1633 1292 1696 Plauto
1337 1655 1511 1696 nemo
1540 1637 1716 1698 dicet.
1800 1638 1912 1699 Est
1937 1650 1999 1700 et
2023 1639 2319 1719 frigidum,
2350 1639 2512 1719 quod

326 1724 505 1805 longe
537 1728 611 1787 ab
641 1745 714 1788 eo
744 1729 932 1804 abest,
961 1729 1122 1810 quod
1171 1742 1272 1792 aut
1308 1753 1440 1794 esse
1470 1743 1575 1794 aut
1617 1755 1794 1815 posse
1822 1737 1944 1796 fieri
1980 1746 2239 1816 putatur.
2321 1735 2515 1804 Quale

325 1832 436 1896 est,
503 1830 524 1858 ‘
547 1844 750 1905 pugno
799 1825 1069 1907 frangere
1118 1831 1432 1909 elephanto
1487 1833 1806 1905 brachium,
1813 1835 1827 1860 '
1881 1840 1900 1868 ⁴
1926 1832 2154 1893 horiola
2200 1834 2260 1892 in
2297 1833 2511 1893 coelum

325 1921 661 1998 pervenire?
738 1922 849 1983 Est
874 1934 935 1984 et
981 1925 1274 2005 frigidum,
1320 1947 1453 1988 cum
1492 1928 1577 1988 ita
1617 1948 1654 1988 a
1691 1928 1961 1989 familiari
2009 1949 2274 1990 sermone
2321 1929 2510 1989 oratio

327 2016 572 2091 recedit,
601 2027 669 2079 ut
704 2018 783 2079 ad
828 2029 999 2083 usum
1042 2023 1291 2103 amplius
1330 2024 1631 2087 transferri
1679 2033 1953 2124 nequeat.
2036 2023 2179 2088 Tale
2229 2035 2320 2088 est
2362 2024 2510 2085 illud

323 2113 579 2176 ibidem:

482 2246 550 2305 Si
580 2225 717 2308 ante
744 2247 979 2309 lucem
962 2268 1045 2309 ire
1072 2251 1325 2330 occipias
1354 2272 1389 2312 a
1417 2271 1549 2313 meo
1577 2253 1797 2333 primo
1791 2252 2049 2322 nomine,

487 2332 856 2405 Concubium
886 2346 963 2408 sit
987 2349 1198 2421 noctiS,
1232 2348 1575 2430 priusquam
1605 2350 1682 2411 ad
1712 2360 2067 2431 postremum
2097 2352 2447 2429 perveneris,

315 2467 557 2532 'Crescit
582 2479 777 2531 tamen
805 2471 1103 2551 frigidum,
1133 2494 1267 2534 cum
1297 2475 1465 2537 addit
1488 2478 1676 2538 alter.

483 2602 654 2682 Opus
679 2604 807 2664 face
837 2612 929 2664 est
955 2612 1017 2663 et
1040 2602 1254 2665 viatico
1281 2603 1359 2664 ad
1384 2613 1549 2665 tuum
1576 2623 1813 2676 nomen,
1835 2612 1903 2663 ut
1924 2612 1986 2661 tu
2013 2602 2329 2683 praedicas,

321 2744 472 2811 Quae
524 2744 574 2802 si
622 2743 833 2824 pedem
874 2765 1057 2808 unum
1105 2753 1271 2805 extra
1319 2762 1557 2803 scenam
1604 2741 1789 2816 feras,
1846 2743 2115 2822 protinus
2171 2744 2503 2822 putiscent.

319 2860 510 2922 neque
531 2835 615 2901 ad
645 2862 816 2902 usum
846 2843 1126 2943 applicari
1153 2851 1449 2923 poterunt.
1513 2840 1729 2910 Qualia
1761 2858 1871 2899 nec
1902 2838 2100 2919 Scipio
2129 2858 2241 2899 nec
2269 2839 2504 2913 Laelius,

317 2939 427 2998 flos
475 2940 817 3011 nobilitatis,
864 2941 956 3000 vel
1001 2942 1060 2999 in
1113 2959 1314 3014 scena,
1360 2938 1804 3018 approbassent.
1916 2921 2270 2996 Plutarchus
2325 2946 2504 3007 certe,

320 3044 485 3094 extra
528 3034 852 3096 liberalium
900 3037 1157 3097 Theatra
1202 3055 1273 3096 ac
1318 3035 1646 3108 doctorum,
1694 3035 1872 3095 libere
1922 3034 2162 3113 relegat
2246 3032 2505 3091 Ridiculi

311 3132 469 3192 'enim
499 3152 570 3194 ac
605 3132 787 3214 inepti
815 3143 974 3205 sunt,
1027 3133 1128 3212 qui
1157 3133 1404 3212 plebeiis
1435 3141 1666 3192 tantum
1695 3131 1867 3192 scribi
1899 3129 2264 3190 Comoediam
2288 3129 2504 3189 'existi-

316 3238 522 3300 mant3
561 3242 703 3291 'cum
727 3227 1072 3291 non'minus
1114 3230 1358 3291 eruditis
1406 3231 1710 3290 scribatur.
1782 3225 1970 3296 'Quod
2000 3237 2061 3288 et
2090 3221 2341 3289 Flaccus
2389 3215 2503 3285 sci-

315 3327 432 3396 vit;
478 3329 580 3406 qui
608 3347 728 3388 non
752 3329 877 3389 sine
901 3347 1083 3389 causa
1103 3348 1118 3386 ι

459 3445 774 3531 Creditur,
801 3476 873 3517 ex
897 3456 1092 3517 medio
1119 3457 1258 3536 quia
1283 3475 1376 3516 res
1417 3454 1682 3526 arcessit,
1706 3453 1921 3513 habere

476 3550 725 3613 Sudoris
746 3553 1048 3613 minimum
1073 3573 1089 3622 ;
1135 3551 1239 3613 sed
1268 3553 1447 3612 habet
1474 3549 1783 3612 Comoedia
1808 3558 1975 3610 tanto

389 3713 396 3718 ,
471 3648 620 3711 Plus
647 3650 859 3723 oneris,
887 3640 1109 3728 quanto
1136 3648 1324 3709 veniae
1352 3647 1570 3708 minus.

312 3781 546 3842 Deinde
576 3791 771 3843 autem
796 3780 997 3841 Plauti
1026 3789 1088 3840 et
1116 3778 1418 3839 Dossenni
1447 3775 1631 3836 utitur
1657 3775 1946 3852 exemplo,
1975 3788 2126 3851 quos
2158 3786 2395 3828 securos
2423 3767 2499 3827 de

303 3876 542 3956 judiciis
573 3876 879 3937 doctorum
909 3875 1010 3935 ait.
1097 3874 1175 3933 Et
1201 3874 1330 3933 haec
1361 3872 1438 3933 ad
1468 3871 1754 3943 divinum,
1784 3878 1849 3929 ut
1866 3868 1991 3947 jam
2022 3864 2163 3937 dixi,
2194 3884 2264 3924 ac
2285 3865 2500 3924 subae-

310 3984 433 4033 tum
462 3975 524 4032 in
551 3972 645 4033 his
675 3972 1029 4053 Principem,
1062 3972 1232 4050 cujus
1277 3990 1387 4030 nec
1421 3968 1709 4049 judicium
1738 3985 1848 4024 nec
1876 3973 2197 4023 ceterorum
2228 3960 2498 4040 ignorare

312 4088 382 4129 ea
407 4078 763 4150 &mpestate
809 4070 1020 4150 potuit.
1103 4068 1200 4140 Et,
1250 4067 1418 4146 cujus
1454 4063 1742 4144 judicium
1782 4059 1965 4124 vereri
2015 4059 2336 4132 debuisset,
2384 4053 2497 4117 nisi

311 4164 465 4223 idem
494 4164 739 4226 aliorum
763 4165 990 4225 fuisset.
1074 4165 1210 4224 Jam
1237 4161 1340 4222 illa
1366 4159 1702 4240 Epicharmi
1727 4158 1994 4231 imitatio,
2016 4165 2085 4216 ut
2100 4145 2496 4224 festivissima,

303 4243 411 4334 ita,
440 4260 489 4321 si
519 4260 597 4321 sit
626 4259 921 4341 frequen5‚
945 4261 1166 4340 frigore
1194 4278 1312 4320 non
1341 4267 1519 4319 caret.
1606 4257 1757 4330 Quae
1784 4258 1871 4331 fit,
1917 4273 2052 4316 cum
2079 4252 2171 4314 vel
2197 4249 2351 4310 falsa
2388 4267 2497 4327 op-
