3050 4942
1272 375 1688 425 PRAErArro.
2145 414 2150 421 .
2180 406 2186 413 .
2540 361 2585 425 9

376 518 654 584 laudavi
685 537 917 604 supra.
1008 518 1187 586 Haec
1218 540 1344 602 ego
1377 520 1646 603 κειμήλια
1676 522 1909 604 quanti
1956 521 2256 602 fecerim,
2302 520 2582 586 faciam-

379 641 532 704 que,
562 622 784 687 verbis
814 623 1186 707 exprimere
1207 643 1340 688 uon
1369 644 1691 709 possum;
1738 629 1926 691 tauto
1956 625 2196 706 magist,
2226 623 2408 707 quod
2437 623 2580 687 nul-

376 721 516 785 lum
549 725 677 788 sihi
712 723 942 789 divitis
972 724 1366 791 Academiae
1396 725 1817 790 oxoniensis
1865 725 2174 807 aliosque
2229 724 2583 789 Britanno-

376 843 526 888 rum
555 828 818 892 loculos
846 827 1274 911 perlustranti
1297 836 1634 913 repertum
1664 827 1915 894 Donati
1942 826 2178 910 scripti
2200 826 2583 910 exemplum

376 926 540 991 mihi
571 926 930 993 affirmavit
954 930 1409 996 Doctissimus
1439 931 1870 995 Abrahamus
1899 928 2308 994 Gronovius.
2352 925 2581 1011 Atque

378 1048 423 1090 o
471 1030 728 1094 utinam
773 1033 1021 1115 integer
1062 1039 1452 1116 superesset
1498 1032 1849 1097 Donatus!
1940 1030 2050 1094 lta
2080 1048 2240 1095 vero
2269 1029 2485 1093 multa
2512 1029 2584 1092 in

378 1127 809 1196 Comicorum
854 1133 1193 1218 Principe,
1224 1154 1381 1217 quae
1431 1134 1634 1198 etiam
1681 1152 1858 1197 nunc
1907 1132 2103 1216 quasi
2149 1131 2221 1195 in
2266 1129 2580 1195 interiore

378 1233 621 1314 angulo
645 1235 989 1303 recondita
1013 1237 1249 1314 latent,
1281 1238 1538 1302 dudum
1568 1237 1899 1301 illustrata
1927 1253 2249 1300 cerneres.
2305 1233 2583 1310 Verum,

378 1341 461 1398 ut
488 1355 668 1399 nunc
698 1342 826 1415 est,
857 1339 1158 1404 contenti
1192 1340 1404 1404 simus
1432 1338 1565 1403 hoc
1597 1337 1879 1403 Catone.
1968 1334 2246 1401 Accidit
2272 1334 2583 1398 nimirum

238 1508 245 1513 ‚
377 1438 637 1520 optimo
667 1438 1049 1523 Interpreti,
1078 1441 1261 1525 quod
1296 1440 1633 1507 accidisse
1665 1441 1828 1506 olim
1857 1439 2161 1523 pluribus
2188 1456 2323 1501 non
2365 1436 2582 1519 pessi-

375 1559 508 1604 mae
537 1546 716 1606 uotae
745 1541 1204 1627 scriptoribus
1251 1545 1485 1610 merito
1532 1542 1761 1608 dolent
1807 1542 2099 1619 Eruditi,
2147 1547 2224 1604 ut
2271 1538 2582 1603 nimirum

376 1641 559 1707 bona
591 1647 700 1706 sui
727 1646 919 1728 parte
947 1646 1237 1711 mutilati
1270 1646 1355 1711 ad
1386 1664 1509 1710 nos
1533 1645 1977 1729 pervenirent.
2042 1641 2231 1721 Quid
2264 1641 2583 1706 Erasmus

375 1744 652 1826 quidem
683 1745 770 1810 de
799 1753 1030 1813 nostro
1058 1749 1187 1813 hoc
1219 1749 1495 1813 Donato
1525 1747 1876 1824 censuerit,
1904 1745 2018 1812 vel
2047 1744 2321 1809 Titulus
2370 1742 2587 1806 Editi-

376 1846 532 1909 onis
567 1846 1007 1915 Frobenianae
1037 1846 1315 1927 indicat,
1344 1849 1416 1914 in
1440 1869 1579 1933 quo
1593 1849 1743 1914 haec
1771 1850 2114 1941 leguntur:
2146 1850 2168 1881 ‘
2189 1845 2432 1910 Habes
2450 1843 2582 1923 hic,

376 1950 621 2017 Amice
650 1952 915 2034 Lector,
944 1955 1030 2019 P.
1054 1955 1353 2020 Terentii
1387 1953 1799 2033 comoedias,
1824 1972 1957 2018 una
1983 1972 2138 2018 cum
2170 1949 2461 2016 Scholiis
2493 1968 2585 2013 ex

378 2053 658 2132 Donati,
687 2053 960 2140 Asperi,
990 2063 1060 2123 et
1088 2056 1368 2122 Cornuti
1398 2055 1909 2121 Commentariis
1938 2051 2323 2138 decerptis!
2366 2050 2585 2136 Aspe-

377 2155 440 2218 ri
470 2157 739 2239 quidem
769 2159 878 2224 vel
928 2160 1266 2238 Donatus»,
1312 2161 1422 2227 vel
1473 2159 1883 2245 quicumque
1922 2157 2097 2222 alius
2148 2154 2448 2221 meminit
2494 2154 2584 2218 ad

380 2255 674 2343 Adelph.
723 2277 819 2326 lv.
865 2263 930 2327 2.
977 2263 1085 2328 20.
1183 2259 1487 2328 Annaeus
1546 2259 1788 2326 Celsus
1840 2264 1908 2323 et
1953 2257 2284 2323 Helenius
2329 2254 2581 2333 Acron,

381 2359 848 2440 Grammatici,
898 2366 1027 2449 qui
1082 2365 1373 2430 Terentii
1433 2364 1844 2446 Interpretes
1899 2359 2173 2438 fuerint,
2224 2357 2585 2423 laudantur

383 2461 717 2530 Charisio.
808 2467 917 2532 De
945 2467 1204 2546 horum,
1238 2467 1356 2533 sed
1387 2474 1457 2531 et
1483 2467 1571 2531 de
1602 2464 1834 2548 Capri,
1880 2463 2113 2542 Probi,
2162 2462 2585 2544 aliorumque

381 2571 587 2633 aetate
615 2567 839 2632 dicere
869 2569 1031 2634 nihil
1058 2568 1300 2634 habeo.
1390 2566 1579 2647 Quid
1610 2586 1811 2651 porro
1840 2566 1925 2630 de
1959 2564 2223 2650 judicio
2254 2570 2322 2629 et
2351 2570 2584 2628 aucto-

378 2669 579 2734 ritate
609 2669 1215 2736 Grammaticorum
1247 2670 1670 2737 statuendum
1706 2669 1820 2746 sit,
1850 2668 2167 2732 edisserit
2195 2664 2585 2730 Illustrissi-

379 2789 538 2835 mus
586 2769 885 2852 Scaliger
930 2770 1018 2836 ad
1064 2770 1338 2856 Virgilii
1386 2769 1668 2855 Copam.
1756 2770 2004 2833 Petrus
2047 2785 2207 2832 vero
2250 2765 2584 2844 Nunnius,

387 2871 690 2937 Miscell.
721 2871 844 2937 lib.
873 2888 923 2938 1.
953 2892 1015 2938 c.
1044 2873 1111 2938 6.
1157 2877 1178 2906 ‘
1204 2871 1480 2956 Aliquis
1507 2869 1873 2949 indoctus,'
1901 2869 2141 2954 inquit,
2171 2866 2587 2932 ‘indoctissi-

386 2976 518 3039 mis
550 2976 785 3041 verhis·
804 2975 1245 3061 paraphrasin
1273 2975 1549 3059 scripsit
1574 2975 1647 3039 in
1673 2974 2036 3039 Donatum.
2123 2970 2204 3036 Id
2227 2969 2373 3054 jam
2401 2987 2589 3034 mun-

390 3078 484 3142 do
518 3078 896 3143 obtruditur
925 3096 1049 3161 pro
1100 3062 1427 3142 Donato?
1511 3074 1842 3160 Loquitur
1870 3078 2095 3139 autem
2124 3070 2210 3137 de
2241 3072 2590 3138 Commen-

387 3180 579 3244 tariis
609 3180 678 3243 in
709 3179 980 3263 Virgilii
1010 3178 1322 3244 AEneida.
1411 3177 1609 3243 Idem
1640 3196 1799 3243 vero
1828 3175 1995 3241 alibi
2036 3174 2121 3239 de
2164 3172 2587 3240 Terentianis

389 3299 590 3364 agens
654 3281 1234 3346 ‘indoctissimum
1285 3280 1689 3345 nebulonem
1714 3277 1733 3305 ’
1776 3282 1999 3356 vocat,
2040 3282 2061 3315 ‘
2083 3276 2204 3361 qui
2246 3296 2372 3361 pro
2400 3275 2586 3340 AElio

402 3386 673 3450 Donato
703 3403 778 3449 se
805 3382 1289 3449 venditaverit?
1379 3383 1624 3449 Nihilo
1656 3366 1887 3448 mitius
1916 3381 2000 3444 de
2030 3398 2115 3445 eo
2133 3374 2462 3464 ⁴judicium
2487 3384 2591 3443 tu·

386 3489 470 3554 lit
513 3486 936 3570 Tanaquilus
986 3486 1229 3563 Faber,
1276 3485 1364 3550 ad
1415 3483 1654 3549 Phaed.
1703 3500 1754 3549 1.
1785 3487 1854 3549 4.
1902 3487 1922 3517 ‘
1949 3482 2192 3548 Dicam
2238 3481 2586 3557 audacter,

387 3591 507 3656 sed
532 3609 714 3669 vere,
746 3609 877 3653 non
904 3589 1123 3675 magis
1155 3584 1460 3653 Servium
1483 3588 1688 3652 hodie
1715 3587 2060 3662 habemuS,
2100 3603 2305 3669 quam
2334 3584 2586 3649 Donati

386 3694 458 3757 in
482 3692 867 3757 Terentium
898 3690 1460 3756 Commentarios.
1547 3689 1895 3774 Excerpta
1928 3693 2183 3753 tautum
2211 3691 2585 3768 supersunt,

385 3802 458 3860 et
484 3795 735 3880 saepius
778 3814 822 3859 a
868 3794 1050 3858 mala
1077 3790 1326 3858 manu?
1411 3792 1696 3857 Temere
1748 3790 1930 3874 loqui
1983 3786 2249 3852 credis?
2339 3790 2359 3820 ‘
2377 3784 2584 3865 Quod

388 3893 887 3971 demonstrare,’
932 3894 1143 3981 addit,
1189 3898 1209 3928 ‘
1234 3895 1297 3959 si
1325 3895 1481 3979 quis
1499 3893 1632 3958 sibi
1660 3892 1989 3977 postulet,
2013 3895 2150 3953 tam
2181 3888 2492 3974 equidem
2512 3889 2586 3954 id

388 3999 650 4082 possim
678 3998 910 4078 facile,
938 4016 1142 4082 quam
1172 3997 1552 4075 ostendere,
1579 3997 1684 4069 Δὶς
1705 3992 1796 4058 δύο
1818 3991 1953 4056 εἶναι
1981 3989 2276 4082 τέτταρα)
2348 3990 2585 4069 Quan-

391 4120 596 4184 quam
626 4100 882 4166 eaedem
911 4119 1023 4166 res
1069 4100 1138 4164 in
1183 4100 1459 4165 Donato
1486 4116 1958 4180 nonnunquam
1989 4096 2099 4161 bis
2129 4101 2308 4160 terve
2338 4091 2584 4174 repeti-

391 4209 503 4283 tae,
529 4222 1001 4289 nonnunquam
1032 4202 1405 4285 contrariae,
1436 4193 1701 4271 Erasmi
1724 4198 2062 4284 judicium
2077 4197 2334 4263 firmare
2351 4194 2584 4261 viden-
