3050 4942
1014 386 1356 462 nunnoni
1411 386 1577 436 Ao'r.
1627 387 1691 434 v.
1739 386 1845 436 sc.
1894 386 2007 435 ix.
2456 372 2587 439 537

385 531 526 600 Pu.
575 529 768 596 Nihil
810 532 1331 614 praetermissum
1377 494 1504 598 est.
1566 531 1670 598 Ite
1709 533 1859 599 hac.
1930 540 1992 597 Ω
2037 529 2187 597 Vos
2233 531 2587 612 valeteset

641 631 964 717 plaudite.

1029 752 1482 804 cALmoPms
1532 754 1938 805 REcENsm.

382 932 605 1009 omissam
623 938 692 984 eat
711 949 741 984 a
763 938 831 999 te,
853 934 911 985 de
937 934 1195 985 Thrasonis
1227 934 1483 985 virtutibus
1513 935 1712 988 scilicet.
1778 936 1861 986 Ita
1889 934 1977 986 hac
2009 951 2183 988 omnes.
2254 936 2348 987 Vos
2368 940 2515 995 valete
2535 941 2585 990 et

376 999 604 1062 mudde-
1178 1061 1461 1129 Calliopius
1485 1064 1743 1117 recensui.

1301 1220 1394 1242 ΟΜ

381 1320 568 1371 Militis
609 1324 906 1386 convenire,
944 1322 985 1374 si
1017 1324 1250 1375 Atticam
1289 1324 1604 1388 elegantiam
1646 1324 1927 1388 intelligas,
1977 1338 2073 1386 pro
2112 1323 2289 1387 lepore
2329 1323 2582 1376 sermonis

382 1387 569 1438 Attici.
603 1388 694 1438 Fa.
752 1390 931 1438 Nostri
955 1404 1129 1440 omnes
1145 1391 1457 1454 eloquentiam
1474 1404 1591 1440 cum
1613 1391 1748 1440 Edd.
1771 1398 1900 1440 vett.
1933 1384 2082 1439 Bene.
2132 1390 2269 1440 Pau.
2294 1395 2428 1439 teste
2453 1392 2583 1441 Par·

381 1453 708 1515 eloquentiam.
751 1453 878 1502 Itid.
906 1454 1035 1504 GM.
1100 1455 1162 1504 In
1199 1455 1313 1505 GC.
1338 1453 1476 1506 fallit
1519 1456 1800 1519 scriptura.
1836 1455 1968 1504 Perl.
2038 1455 2118 1502 Ex
2162 1454 2386 1519 antiquis
2423 1456 2581 1506 codd.

387 1517 582 1566 rectius
601 1518 762 1566 suasit
785 1516 971 1568 Faern.
1005 1519 1306 1582 elegantiam.
1334 1520 1456 1582 Bip.
1503 1520 1837 1581 Eloquentiam
1858 1519 1950 1566 Br.
2000 1517 2143 1566 Vobis
2163 1518 2213 1566 in
2231 1519 2316 1567 hoc
2333 1533 2429 1568 esse
2454 1521 2579 1584 Bip.

383 1581 578 1644 Delpb.
643 1583 762 1631 Esse
793 1597 888 1646 pro
910 1583 1060 1633 inesse
1095 1584 1253 1633 Bent.
1284 1584 1345 1634 Z.
1383 1584 1539 1633 Both.
1576 1584 1853 1632 Part—64
1890 1583 1991 1634 Ma.
2029 1581 2177 1645 Lips.
2222 1583 2370 1632 Nihil
2399 1591 2582 1646 proeter

381 1647 658 1708 promissam
690 1652 764 1696 est
783 1660 871 1697 cto
900 1663 981 1696 vos
1000 1649 1149 1697 valete
1175 1648 1413 1712 plaudite.
1485 1649 1747 1712 Calliopius
1768 1648 1996 1698 recensui.
2063 1647 2393 1697 Leidensium
2416 1662 2579 1698 unus:

382 1712 707 1760 umvatete.
772 1713 901 1762 Mas.
928 1712 1133 1776 plurimi
1171 1714 1373 1777 legunt,
1406 1719 1466 1762 ut
1503 1711 1662 1762 edidi.
1731 1713 1786 1762 Si
1828 1727 1943 1762 cum
1984 1713 2194 1762 Mureto
2238 1719 2295 1764 et
2328 1713 2583 1767 Fabriciis

380 1775 547 1839 legas,
579 1776 722 1824 Nihil
738 1781 914 1840 proeter
931 1777 1207 1840 promissum
1227 1782 1317 1839 est,
1350 1776 1599 1827 Pbaedria
1622 1791 1720 1839 per
1744 1777 1923 1841 jocum
1962 1774 2290 1827 confirmabit
2322 1776 2400 1838 id,
2438 1778 2579 1842 quod

381 1839 448 1888 «le
468 1840 733 1889 Thrasone
758 1841 963 1891 dixerat
986 1842 1212 1892 Gnatho.
1255 1841 1429 1906 Atque
1450 1842 1528 1891 ita
1552 1842 1834 1891 ediderunt
1853 1843 2051 1902 Juntae,
2066 1842 2150 1891 Fr.
2173 1841 2579 1906 Rapbeleugius‚

383 1904 488 1952 alii.
554 1903 628 1954 Ite
647 1905 765 1954 hac-⁸
800 1906 912 1958 ΕΡ.
947 1907 1025 1956 Ite
1043 1907 1149 1956 Ιιαο.
1171 1926 1208 1955 ω
1229 1908 1469 1957 vosvalete
1487 1908 1720 1973 plaudite.
1786 1907 1939 1958 Quod
1959 1920 2081 1957 vero
2114 1907 2166 1955 in
2192 1906 2493 1971 quibusdam
2519 1908 2582 1956 li·

383 1968 492 2017 bris
525 1968 804 2032 legeretur,
835 1970 912 2020 Ite
945 1971 1034 2021 hac
1066 1986 1095 2019 o
1123 1985 1207 2021 vos
1239 1974 1391 2021 valete
1422 1976 1469 2020 et
1487 1972 1716 2036 plaudite,
1737 1971 1860 2021 inde
1882 1976 2062 2021 natum
2082 1977 2316 2020 autumat
2338 1972 2407 2021 G.
2422 1972 2480 2022 F.
2503 1972 2581 2022 Ite

382 2034 472 2082 Ιιαο
485 2048 660 2095 omnes,
696 2035 830 2098 quod
852 2036 1007 2085 estin
1031 2036 1333 2100 quibusdam
1369 2037 1500 2085 Mss.
1537 2041 1591 2085 et
1629 2036 1802 2087 editis.
1842 2037 1994 2087 Weet.
2062 2034 2131 2085 G.
2170 2036 2259 2084 illa
2289 2036 2305 2063 ‘
2328 2035 2414 2084 Ite
2447 2037 2545 2085 hac
2566 2035 2580 2057 ⁹

385 2098 645 2148 Gnathoni
666 2099 850 2149 tribuit
877 2114 893 2161 3
921 2101 936 2126 ‘
956 2101 1048 2150 sed
1074 2106 1130 2150 et
1153 2102 1259 2150 ET.
1284 2101 1410 2153 EM.
1444 2101 1505 2149 Id
1525 2102 1579 2150 in
1610 2100 1737 2151 Add.
1772 2100 1916 2150 Nihil
1950 2101 2318 2164 moetnmissum
2346 2104 2435 2150 est.
2502 2101 2582 2150 Ite

384 2163 472 2211 hac
505 2177 677 2213 omnes.
753 2163 849 2215 Vos
864 2166 1014 2215 valete
1035 2171 1082 2215 et
1103 2165 1342 2229 plaudite]
1375 2166 1562 2215 Nullus
1597 2166 1803 2215 omnino
1847 2164 1980 2215 liber
2012 2165 2237 2229 scriptus
2266 2165 2426 2215 habet
2468 2164 2579 2215 dic-

389 2227 579 2276 tionem
609 2243 765 2277 omnes
786 2243 807 2287 ,·
876 2245 942 2284 na
960 2230 1156 2292 demta,
1188 2245 1288 2280 non
1312 2238 1420 2280 stat
1437 2244 1640 2280 versus.
1705 2230 1831 2280 Anti
1869 2230 1918 2279 ui
1945 2244 2121 2279 omnes
2143 2229 2274 2280 hanc
2307 2229 2581 2279 continent

383 2290 679 2356 lectionem,
715 2294 838 2343 ΝιἸιι·
887 2299 1065 2359 proeter
1090 2296 1373 2359 promissum
1403 2300 1490 2345 est.
1556 2296 1635 2345 Ite
1672 2295 1777 2345 hae.
1892 2310 1944 2344 os
1963 2296 2114 2344 valete
2135 2301 2182 2344 et
2200 2294 2443 2357 plaudite.-
2478 2310 2579 2359 quo

379 2356 586 2421 quidem
605 2357 759 2408 modo
783 2373 959 2409 versus
983 2366 1253 2409 contracta
1275 2359 1508 2410 dictione
1541 2360 1558 2387 ‘
1580 2359 1725 2408 Nihil
1741 2359 1757 2381 ’
1791 2358 1843 2407 in
1866 2374 2019 2408 unam
2049 2359 2321 2422 syllabam,
2353 2359 2580 2423 optimus

379 2429 465 2472 est
488 2423 800 2473 trochaicus.
823 2425 999 2487 Nunc,
1017 2425 1105 2489 qui
1121 2426 1189 2474 sit
1206 2425 1384 2473 borum
1409 2425 1681 2474 verborum
1704 2438 1905 2486 sensus,
1924 2423 2202 2473 videndum
2227 2431 2308 2473 est
2329 2437 2343 2473 ε
2380 2431 2435 2473 et
2450 2432 2581 2488 puto

378 2487 517 2535 hunc
540 2494 753 2548 esse,ut
774 2488 1112 2553 interroganti
1137 2489 1422 2550 Gnathoni,
1453 2491 1469 2518 ‘
1489 2488 1654 2538 Dixin
1679 2502 1775 2550 ego
1798 2489 1851 2537 in
1874 2488 1971 2537 hoc
2008 2502 2121 2538 esse
2159 2488 2302 2538 vobis
2339 2486 2578 2539 Atticam

381 2550 735 2614 elegantiam,'
767 2552 882 2613 plus
912 2553 1225 2617 respondeat
1247 2554 1514 2617 Pbaedria,
1539 2553 1780 2613 dicendo,
1814 2552 1958 2601 Nihil
1982 2558 2163 2616 proeter
2189 2553 2470 2616 promissum
2486 2559 2578 2616 ese,

381 2629 534 2679 quam
560 2615 604 2664 si
627 2616 987 2681 responderet,
1015 2619 1031 2646 ‘
1052 2619 1245 2668 Dixisti
1265 2618 1299 2669 ι’
1335 2618 1557 2668 diceudo
1578 2618 1717 2667 enim
1738 2617 1862 2667 nihil
1877 2624 2055 2680 proeter
2070 2616 2352 2681 promissum
2388 2623 2479 2680 est,
2520 2626 2578 2669 et
2653 2636 2662 2642 ·

383 2680 714 2729 Gnathonem
755 2682 1064 2746 promisisse,
1107 2688 1164 2732 et
1200 2684 1517 2733 Thrasonem
1551 2689 1801 2747 praestare
1840 2681 2133 2745 significat:
2184 2681 2225 2730 si
2271 2682 2404 2729 enim
2448 2682 2576 2732 nihil

382 2753 578 2809 praeter
614 2744 916 2809 promissum
952 2753 1053 2807 est,
1088 2761 1214 2811 ergo
1257 2749 1432 2798 omnia
1470 2753 1592 2798 sunt
1630 2754 1691 2796 ut
1723 2746 1977 2811 promissa
2010 2752 2148 2806 sunt.
2214 2746 2348 2795 Sane
2370 2744 2424 2795 in
2437 2746 2576 2797 libro

380 2809 687 2859 Victoriano
711 2811 980 2875 antiquum
1001 2812 1253 2875 glossema
1286 2814 1338 2861 in
1377 2813 1605 2875 margine
1641 2812 1919 2874 ascriptum
1953 2818 2033 2860 est
2068 2810 2122 2860 in
2161 2809 2297 2860 hunc
2336 2810 2574 2861 modumt

386 2872 577 2924 Omnia
600 2875 850 2939 promisso
876 2884 964 2925 tuo
987 2876 1320 2940 respondent,
1342 2883 1398 2927 et
1420 2878 1544 2926 nihil
1564 2883 1716 2926 extra
1739 2875 1865 2926 illud
1884 2881 1982 2926 est.
2019 2875 2253 2927 Faernus.
2295 2876 2575 2926 Veteri-imi

384 2953 450 2987 ex
472 2940 661 2989 nostris
686 2940 863 2997 etiam,
898 2939 1041 2990 Nihil
1068 2947 1249 3004 prater
1264 2944 1547 3005 promissum
1561 2947 1648 2992 est.
1674 2943 1829 2991 Bent.
1880 2941 1957 2990 Ite
1976 2940 2087 3002 hac]
2123 2941 2183 2989 L.
2207 2939 2367 3004 antiq.
2403 2955 2573 2991 omnes.

382 3003 490 3054 Sed
509 3004 675 3054 nullus
695 3005 788 3056 lib.
822 3005 1003 3069 script.
1036 3006 1088 3054 id
1112 3006 1251 3069 quod
1293 3007 1385 3057 Fa.
1420 3013 1617 3068 monet,
1649 3006 1772 3056 hab.
1806 3020 1981 3054 omnes.
2046 3004 2224 3054 Habet
2264 3011 2434 3054 autem
2458 3005 2573 3056 Ge.

384 3082 536 3131 quem
560 3069 645 3118 ille
677 3084 780 3119 non
801 3071 951 3121 vidit.
1015 3070 1150 3120 Post
1185 3085 1363 3121 vocem
1398 3072 1526 3121 ‘hac
1548 3070 1561 3094 ’
1595 3071 1832 3137 sequitur
1869 3070 1920 3118 in
1955 3070 2084 3120 GM.
2125 3083 2220 3133 pro
2265 3070 2470 3131 glossar
2506 3069 2573 3118 ad

383 3133 589 3183 domum
610 3134 781 3197 illius3
813 3143 870 3185 et
892 3136 945 3184 in
969 3141 1217 3186 contextu
1239 3136 1440 3200 signum
1464 3143 1555 3187 aut
1584 3138 1660 3187 lit.
1726 3137 1788 3186 In
1814 3135 1946 3185 GM.
1967 3140 2021 3184 et
2046 3133 2223 3184 Guelf.
2257 3138 2308 3183 2.
2337 3138 2385 3183 3.
2418 3133 2574 3186 finem

381 3197 582 3248 faciunt
604 3200 800 3250 verba:
840 3201 1102 3265 Calliopias
1141 3203 1364 3252 recensui.
1404 3201 1547 3253 Perl.
1611 3203 1805 3251 Proeter
1837 3198 2053 3261 missam]
2098 3199 2242 3248 Edit.
2276 3200 2576 3262 promissum,

420 3264 636 3313 robante
658 3265 818 3314 Bent.
843 3272 897 3315 et
919 3267 994 3316 sic
1018 3266 1174 3316 etiam
1199 3267 1251 3315 in
1276 3267 1377 3318 Ms.
1401 3281 1432 3314 a
1452 3281 1535 3330 pr.
1564 3281 1635 3318 m.
1670 3265 1808 3329 quod
1849 3279 2121 3327 perperam
2152 3266 2439 3313 correctum
2469 3271 2572 3314 est.

436 3342 564 3377 runa.
631 3329 846 3377 Omittit
869 3331 961 3379 Br.
995 3337 1060 3390 et,
1091 3331 1245 3384 etita
1264 3330 1517 3380 Fabulam
1552 3330 1785 3380 claudit:
1826 3329 2036 3378 Terentii
2059 3327 2177 3387 Afri
2210 3328 2467 3376 Eunuchus
2486 3341 2572 3377 ex·

374 3392 515 3454 plicit
533 3408 550 3439 .·
577 3392 839 3455 caliopius
856 3396 1131 3444 recensuit.‘
1144 3395 1336 3446 Proeter
1347 3396 1630 3457 promissum
1652 3395 1778 3445 dant
1798 3393 1953 3444 Bent.
1972 3393 2034 3445 Ζ.
2055 3393 2181 3459 Rip.
2206 3392 2362 3448 Both.
2377 3392 2570 3456 Delph-

380 3462 424 3507 Ω
446 3470 551 3507 uon
568 3454 764 3509 habeut
784 3457 942 3508 Bent.
965 3458 1087 3523 Bip.
1112 3457 1266 3509 Both.
1288 3458 1432 3508 Perl.
1454 3459 1648 3523 Delph.

1368 3591 1407 3628 V

1170 3708 1373 3759 1²1le
1417 3709 1792 3761 EUchffl.
