3050 4942
563 380 695 448 206
1324 394 1798 446 nnAncrscus
1845 396 2056 446 naun

561 561 635 604 ex
663 541 964 604 trochaico
1006 557 1221 621 genere
1251 540 1562 601 desumtis.
1647 539 1854 601 Sentio
1898 541 2140 621 quidem
2164 561 2260 604 me
2286 541 2385 604 hic
2414 542 2489 603 ab
2518 541 2650 603 aliis
2678 543 2762 604 rei

563 641 822 701 metricae
872 639 1254 719 scriptoribus
1305 638 1487 711 abire,
1545 638 1648 719 qui
1702 636 1780 699 de
1829 637 2087 701 iambico
2136 657 2352 719 genere
2398 638 2589 720 primo
2632 640 2765 699 loco

471 772 478 780 ·
564 737 759 798 solent
806 755 1003 817 agere,
1050 746 1120 795 ut
1167 735 1582 817 antiquissimo
1639 746 1702 796 et
1748 729 2068 796 facillimo:
2132 735 2244 797 sed
2286 735 2764 797 doctissimorum

561 835 816 895 virorum
840 834 1014 895 venia
1042 834 1236 896 dicere
1272 835 1475 907 liceat,
1525 843 1780 916 utroque
1807 835 2050 894 nomine
2077 854 2184 896 eos
2210 834 2589 896 vehementer
2617 835 2763 896 falli.
2806 834 2819 847 ’

562 931 822 991 Primum
851 931 1008 992 enim
1033 930 1359 992 clarissimo
1387 950 1463 993 ex
1499 930 1836 995 Aristotelis
1877 929 2028 991 libro
2055 931 2133 991 de
2160 929 2407 992 Poetiea
2428 930 2767 993 testimonio

561 1039 801 1089 constat
836 1028 1423 1108 trochaicnmwgenus
1450 1027 1639 1089 fuisse
1681 1026 2174 1107 antiquissimum.
2258 1028 2412 1088 Haec
2456 1028 2614 1090 enim
2663 1026 2767 1088 ille

561 1144 614 1185 c.
652 1129 712 1184 4.
793 1125 900 1197 Τό,
931 1147 994 1186 τε
1034 1132 1241 1205 μέτρον
1276 1128 1338 1186 ἐκ
1385 1127 1755 1205 τετραμέτρου
1795 1128 2147 1208 (τροχαῖκοῦ)
2197 1123 2467 1205 ἰαμβεῖον
2509 1126 2768 1199 ἐγένετο.

561 1223 626 1282 τὸ
650 1225 761 1301 μὲν
791 1225 904 1299 γὰρ
924 1231 1141 1299 πρῶτον
1168 1228 1513 1304 τετραμέτρῳ
1539 1225 1808 1304 ἐχρῶντο,
1836 1220 1931 1282 διὰ
1969 1223 2034 1283 τὸ
2062 1226 2361 1298 σατυρικὴν
2383 1224 2474 1282 mi
2502 1221 2769 1302 ὀρχηστι-

562 1325 803 1395 κυτέραν
830 1317 981 1379 εἶναι
1006 1322 1110 1389 τὴν
1129 1325 1380 1393 ποίησιν.
1407 1325 1611 1395 λέξεως
1636 1319 1704 1380 δὲ
1726 1325 2055 1400 γενομένῳ,
2083 1322 2275 1393 αὒτὴὴ
2294 1319 2454 1398 φύσις
2474 1318 2537 1379 τὸ
2559 1320 2769 1377 οἰκεῖον

559 1421 760 1491 μέτρον
787 1412 930 1492 εὗρε.
958 1420 1214 1495 μάλιστα
1241 1420 1355 1495 γὰρ
1379 1417 1638 1478 λεκτικὸν
1658 1428 1774 1479 τῶν
1787 1423 1991 1496 μέτρον
2017 1417 2081 1478 τὸ
2102 1414 2371 1495 ἰαμβεῖόν
2398 1417 2539 1476 ἐστι.
2583 1411 2768 1482 Quod

561 1509 613 1570 si
638 1508 754 1571 hoc
783 1529 957 1572 secus
985 1532 1053 1572 se
1087 1511 1350 1587 haberet,
1393 1523 1617 1586 tamen,
1662 1513 1714 1573 si
1760 1533 1896 1593 quse
1941 1511 2019 1573 de
2046 1531 2111 1572 re
2152 1510 2402 1573 metrica·
2439 1510 2768 1589 scripturus

562 1625 715 1680 sum,
737 1608 970 1670 facilius
999 1609 1404 1690 intelligentur
1432 1629 1505 1671 ea
1533 1610 1782 1690 primum
1805 1608 2120 1681 tradendo,
2141 1627 2278 1687 quse
2302 1605 2381 1667 ad
2401 1604 2768 1668 trochaicam

560 1722 750 1782 genus
781 1716 1076 1786 spectant,
1103 1706 1235 1768 haec
1264 1716 1359 1768 est
1391 1706 1609 1768 idonea
1636 1707 1809 1779 ratio,
1838 1726 1944 1767 cur
1969 1705 2127 1766 hanc
2153 1703 2354 1785 potius
2381 1721 2561 1782 quam
2599 1700 2767 1759 illam

558 1800 714 1862 viam
740 1803 1106 1866 insistamus.
1188 1805 1338 1867 Hoec
1367 1809 1570 1866 autem'
1595 1805 1747 1865 ratio
1773 1813 2063 1884 quantum
2091 1801 2276 1862 altera
2320 1797 2546 1860 facilior
2576 1796 2676 1868 sit,
2707 1805 2769 1857 et

559 1917 680 1959 non
727 1899 906 1964 modo
934 1901 1015 1962 rei
1040 1901 1302 1963 metricas
1348 1902 1750 1983 imperitorum
1767 1937 1772 1944 ·
1788 1899 1989 1981 captui
2017 1893 2538 1966 accommodatior,
2569 1890 2678 1953 sed
2708 1900 2768 1951 et

559 1997 643 2055 rei
671 1996 784 2076 ipsi
809 1996 886 2058 de
913 2016 1034 2078 qua
1061 1999 1278 2079 agitur,
1320 1999 1514 2079 aptior
1544 2008 1721 2080 atque
1747 1997 1969 2070 utilior,
2012 2003 2133 2058 no‘n
2162 2012 2313 2074 opus
2358 2000 2452 2052 est
2477 1999 2548 2050 ut
2572 1987 2786 2050 verbis-

558 2091 704 2152 meis
733 2091 962 2161 dicamz
1003 2095 1190 2155 lector
1215 2095 1343 2174 ipse
1372 2095 1575 2155 statim
1597 2107 1875 2175 expertus
1904 2112 1968 2153 re
1987 2090 2122 2173 ipsa
2148 2084 2577 2169 deprehendet.

596 2215 603 2220 ·
642 2187 783 2260 Sed,
811 2197 1130 2267 antequam
1161 2207 1301 2249 vera
1326 2210 1402 2249 ex
1429 2190 1704 2250 Terentio
1734 2190 2009 2270 exempla
2042 2185 2362 2257 adducam,
2390 2181 2550 2243 fictis
2565 2199 2767 2241 exem*-

558 2279 697 2360 plis,
723 2301 846 2342 uno
884 2283 1113 2345 scilicet
1136 2286 1316 2345 verbo
1368 2285 1587 2366 saepius
1631 2286 1899 2366 repetito,
1945 2284 2184 2364 singula
2221 2297 2498 2343 versuum
2546 2295 2771 2357 genera

559 2376 766 2438 lectori
793 2380 870 2439 ob
900 2380 1106 2441 oculos
1134 2397 1374 2462 ponam,
1413 2402 1534 2463 quo
1579 2382 1798 2444 clarius
1842 2393 1905 2443 et
1944 2381 2181 2463 planius
2227 2391 2425 2439 eorum
2472 2385 2769 2446 naturam,

560 2474 972 2552 quantitatem,
1009 2487 1072 2537 et
1112 2498 1419 2539 numerum
1444 2478 1787 2560 perspiciat.
1869 2478 1940 2538 In
1969 2475 2273 2539 trochaico
2320 2473 2498 2554 igitur
2526 2488 2768 2551 genere,

559 2570 840 2632 trochaici
863 2576 1186 2636 tetrametri
1212 2575 1424 2657 integri
1452 2575 1785 2655 exemplum
1813 2573 1932 2635 hoc
1959 2583 2125 2635 esto:

659 2715 1110 2784 Enormi-onem
1130 2745 1198 2785 .·:·.
1220 2721 1664 2784 Phormi-onem
1682 2735 1711 2805 η
1733 2720 2183 2783 Phormi-onem
2204 2746 2272 2785 =
2294 2719 2765 2782 Phormi-onem.

560 2860 697 2922 Hoc
740 2873 835 2924 est
883 2866 1298 2945 perfectissimi
1350 2869 1637 2931 trochaici
1688 2868 2010 2931 tetrametri
2066 2866 2441 2947 exemplum:
2512 2862 2768 2926 διποδίαι

560 2958 737 3032 enim,
767 2980 874 3021 seu
901 2973 1090 3023 metra
1116 2964 1331 3043 quibus
1375 2974 1636 3037 constat,
1673 2976 1814 3026 sunt
1855 2965 2054 3026 omnia
2100 2984 2175 3024 ex
2203 2963 2466 3024 trochaeo
2494 2971 2557 3022 et
2583 2979 2767 3040 spon-

559 3051 715 3127 daeo,
762 3055 826 3113 id
871 3067 985 3130 est,
1032 3079 1108 3118 ex
1163 3060 1413 3138 epitritis
1467 3061 1749 3122 secundis
1797 3061 2074 3134 conflata,
2126 3081 2266 3141 quae
2309 3059 2485 3140 hujus
2532 3057 2767 3139 generis

560 3168 791 3211 summa
816 3151 948 3214 laus
993 3162 1107 3215 est.
1189 3157 1497 3218 Trocbaici
1546 3159 1702 3218 enim
1752 3159 1985 3239 generis
2032 3158 2334 3238 proprium
2383 3166 2496 3230 est,
2540 3166 2609 3215 ut
2652 3165 2768 3214 tro·

559 3243 764 3307 chaeus
794 3247 873 3308 sit
898 3248 960 3307 in
988 3251 1138 3312 locis
1180 3252 1525 3333 imparibuS,
1555 3256 1676 3317 sive
1711 3255 1773 3314 in
1800 3257 1991 3337 priore
2038 3256 2210 3315 metri
2237 3264 2441 3337 parte;
2484 3253 2547 3312 in
2575 3253 2768 3312 altera

558 3359 699 3400 vero
727 3343 1077 3424 spondoeum
1103 3347 1200 3408 vel
1229 3350 1517 3430 spondaeo
1546 3348 1867 3431 parem,'ut
1891 3352 2057 3432 prius
2084 3351 2229 3423 dixi,
2272 3350 2461 3422 malit,
2489 3368 2565 3412 ne
2594 3347 2765 3426 justo

559 3435 830 3501 levioret
855 3444 1122 3505 mobilior
1150 3446 1248 3507 sit.
1331 3448 1511 3509 Hunc
1540 3468 1774 3511 versum
1812 3449 2109 3530 integrum
2135 3448 2279 3523 dixi,
2308 3446 2590 3527 quoniam
2617 3461 2763 3503 con-

559 3543 682 3596 stat
705 3556 779 3597 ex
804 3549 1060 3618 quatuor
1103 3543 1305 3604 metris
1349 3544 1474 3605 sive
1504 3543 1784 3606 διποδίαιε
1825 3545 2109 3626 integris:
2154 3543 2316 3624 qnod
2344 3561 2533 3622 genus
2562 3537 2763 3598 Graeci

557 3636 946 3709 ἀκατάληπτον
972 3637 1193 3715 dixere,
1240 3650 1310 3702 ut
1335 3640 1743 3723 distinguatur
1774 3645 1848 3703 ab
1878 3643 2032 3717 aliis,
2078 3645 2138 3702 in
2166 3642 2385 3721 quibus
2412 3637 2640 3717 aliquid
2668 3635 2763 3696 vel

557 3728 779 3807 deficit,
807 3734 902 3795 vel
928 3747 1187 3817 superat.
1272 3736 1341 3797 Si
1368 3757 1577 3799 versus
1605 3759 1727 3799 una
1757 3738 1991 3820 syllaba
2032 3746 2368 3798 excurreret
2409 3734 2567 3795 ultra
2595 3730 2762 3792 debi-

555 3837 681 3888 tam
726 3833 1047 3893 tetrametri
1093 3853 1453 3907 mensuram,
1498 3837 1983 3913 ὑπερκατὰληκτον
2011 3834 2248 3901 dixere:
2300 3832 2350 3892 si
2380 3850 2500 3892 una
2529 3829 2765 3909 syllaba

557 3919 858 4001 deficeret,
886 3932 1325 4003 κατοληκτικόνς
1368 3930 1419 3991 si
1445 3932 1601 4011 pede
1629 3931 1884 4011 integro,
1913 3930 2476 4011 βροχυκιιτάληκτον.
2563 3927 2762 4003 Atque

554 4020 687 4082 hoec
713 4026 1007 4086 vocabula
1049 4028 1244 4088 Latini
1271 4029 1355 4088 rei
1396 4028 1660 4090 metricae
1689 4029 2005 4109 scriptores
2031 4025 2350 4088 sna‘etiam
2379 4025 2595 4092 fecere,
2624 4040 2761 4082 cum

556 4120 750 4180 verbis
779 4142 814 4182 e
845 4124 1011 4184 Latio
1061 4125 1289 4185 sumtis·
1315 4141 1516 4185 eorum
1543 4124 1665 4184 vim
1690 4125 1852 4186 haud
1892 4144 2066 4204 seque
2090 4120 2402 4185 commode
2438 4119 2762 4199 exprimere

557 4217 877 4296 potuerint.
961 4220 1044 4280 Ut
1068 4219 1245 4300 hujus
1274 4231 1474 4285 antem
1502 4242 1709 4286 versus
1750 4235 2023 4286 naturam
2051 4232 2113 4284 et
2136 4227 2521 4284 venustatem·
2549 4212 2763 4276 intelli-
