3050 4942
519 392 652 459 366
1268 413 1330 461 P.
1376 413 1744 464 ‘rnnswrn
1800 415 1972 467 Annr

522 554 689 640 Ejus
717 558 928 619 morte
960 573 1044 620 ea
1075 555 1163 620 ad
1193 575 1298 621 me
1325 559 1467 641 lege
1497 560 1835 625 redierunt
1861 563 2059 627 bona.

524 657 660 722 Sed
692 676 862 740 quos
892 661 1284 739 perconter?
1326 661 1549 724 vide0.
1638 663 1927 728 Salvete.
2018 663 2175 731 MY.
2221 663 2546 744 Obsecro,
2675 666 2723 728 5

525 759 751 839 Quem
780 762 1032 826 video?
1078 769 1266 826 estne
1296 763 1407 826 hic
1439 763 1621 828 Crito
1656 767 1966 830 sobrinus
1996 766 2396 851 Chrysidis?

524 861 599 928 Is
628 872 758 928 est.
845 862 980 927 CR.
1029 863 1090 927 Ο
1124 863 1370 948 Mysis,
1411 867 1621 931 salve.
1712 866 1870 933 MY.
1918 869 2161 934 Salvos
2192 871 2310 948 sie,
2342 869 2547 936 Crito.

524 966 657 1031 CR.
701 967 892 1033 Itane
923 965 1247 1051 Chrysis?
1291 967 1486 1034 hem!
1576 967 1935 1046 MY.‚Nos
1963 972 2229 1056 quidem
2280 974 2396 1056 pol
2443 974 2725 1038 miseras

831 1068 1087 1133 erdidit.

525 1171 656 1239 CR.
704 1091 893 1251 Qiliid
919 1190 1063 1248 vos»,
1093 1190 1229 1253 quo
1260 1180 1466 1255 pacto
1495 1174 1661 1239 hic?
1698 1175 1893 1239 satin’
1921 1182 2099 1240 recte
2121 1178 2151 1240 ‘l
2240 1174 2400 1239 MY.
2436 1175 2670 1239 Nosne
2688 1175 2723 1238 ‘t

781 1294 904 1339 sic.

528 1377 624 1445 Ut
653 1378 940 1463 quimuS,
973 1378 1183 1455 aiunt,
1215 1378 1508 1461 quand0,
1537 1386 1611 1444 ut
1635 1380 1960 1456 volumuS,
1990 1399 2121 1444 non
2150 1379 2328 1444 licet.
2642 1379 2729 1442 10

524 1481 659 1546 CR.
706 1479 887 1558 Quid
917 1477 1299 1564 Glycerium
1316 1480 1346 1542 'l
1382 1479 1530 1562 jam
1559 1480 1668 1544 hic
1695 1501 1856 1545 suos
1882 1490 2191 1564 parentes
2215 1481 2459 1564 reperit
2479 1482 2509 1544 ‘l

525 1587 686 1651 MY.
719 1580 1031 1645 Utinam!
1079 1579 1216 1646 CR.
1245 1579 1358 1646 An
1386 1581 1679 1645 nondum
1710 1585 1913 1647 etiam
1933 1585 1963 1647 ‘l
1997 1584 2177 1648 haud
2208 1582 2569 1666 auspicato
2597 1584 2726 1646 huc

781 1703 889 1748 me
911 1682 1127 1749 attuli.
1780 1699 1790 1717 ⁸
2731 1679 2738 1685 '

526 1872 665 1934 bona,
689 1870 804 1930 jure
838 1870 1151 1932 cognationis,
1181 1876 1290 1933 post
1325 1877 1522 1922 mortem
1551 1874 1682 1922 illius
1719 1874 1837 1922 mihi
1866 1872 2167 1922 obvenerunt.
2232 1870 2329 1920 Sed
2350 1871 2506 1931 video,
2526 1882 2639 1932 quos
2665 1869 2728 1917 de

524 1940 622 1985 loeo
644 1939 804 1985 domus
828 1935 1046 1999 Glycerii
1063 1935 1365 1998 interrogem.
1430 1938 1640 1988 Salvete.
1709 1939 1827 1986 Mv.
1866 1938 2084 1999 Obsecro,
2116 1951 2247 1999 quem
2266 1936 2400 1984 video
2417 1932 2443 1985 22
2479 1935 2630 1982 Estne
2649 1933 2731 1981 hie

529 2003 686 2062 Crito,
707 2000 920 2048 sobrinus
945 1997 1232 2063 Chrysidis?
1265 2002 1354 2050 Ille
1374 2002 1475 2064 ipse
1495 2008 1587 2052 est.
1656 2003 1756 2052 Cn.
1795 2004 1841 2050 Ο
1865 2002 2043 2066 Mysis,
2062 2002 2187 2050 salve
2204 2001 2229 2051 ,Ι
2292 2001 2409 2048 ΜΥ.
2449 1999 2521 2048 Tu
2550 2013 2728 2061 quoque

525 2068 680 2114 salvus
709 2065 794 2125 sis,
831 2065 982 2113 Crito.
1050 2066 1149 2114 CR.
1193 2066 1423 2116 Verumne
1463 2074 1535 2116 est
1578 2067 1858 2131 Chrysidem
1893 2066 2139 2116 decessisse
2158 2063 2184 2115 2
2248 2065 2369 2114 Mv.
2406 2064 2514 2111 Nos
2543 2063 2732 2126 quidem

519 2130 602 2192 pol
623 2130 820 2176 miseras
837 2129 1064 2190 perdidit.
1132 2129 1231 2178 CR.
1269 2130 1398 2184 Quid
1418 2147 1498 2180 vos
1528 2131 1607 2179 hic
1641 2129 1833 2192 agitis?
1870 2132 2110 2186 Quomodo
2148 2127 2350 2179 vivitis?
2382 2128 2578 2177 Satisne
2612 2142 2734 2174 com·

525 2190 698 2242 mode?
762 2194 884 2241 ΜΥ.
909 2194 1087 2246 Nosne,
1111 2196 1331 2255 quomodo
1346 2195 1611 2258 habeamus,
1629 2195 1811 2258 rogas?
1840 2198 1907 2245 Ut
1921 2209 2179 2258 possumus,
2199 2197 2400 2256 quando,
2420 2198 2472 2240 ut
2496 2194 2731 2254 rotumus,

524 2273 618 2306 non
658 2258 785 2316 licet,
822 2258 944 2304 sicut
980 2259 1209 2306 communi
1237 2257 1404 2316 fertur
1437 2261 1697 2321 proverbio.
1764 2262 1862 2309 Cn.
1911 2261 2039 2316 Quid
2080 2260 2187 2320 agit
2226 2253 2541 2321 Glycerium?
2565 2255 2732 2316 jamne

527 2336 633 2370 suos
645 2325 866 2384 parentes
884 2321 1064 2382 reperit
1077 2317 1103 2370 2
1166 2322 1287 2371 MY.
1320 2324 1518 2373 Utinam
1538 2326 1803 2386 reperisset.
1871 2325 1975 2374 Cn.
1990 2324 2072 2374 An
2094 2323 2247 2372 adhuc
2263 2339 2356 2373 non
2376 2317 2593 2385 reperit?
2618 2322 2734 2370 Non

1453 2475 1754 2496 ”NMO
1762 2478 1825 2498 &O

524 2589 610 2638 per
631 2575 870 2638 legerunt
895 2581 1101 2623 veteres
1125 2575 1486 2639 Grammatici,
1509 2577 1765 2636 Donatus,
1784 2577 2008 2639 Probus,
2030 2577 2261 2638 Servius,
2282 2577 2373 2625 Pr.
2438 2574 2503 2623 In
2526 2572 2738 2638 quibus·

528 2643 647 2688 dam
674 2641 804 2688 Mss.
841 2647 895 2688 et
922 2640 1076 2688 editis
1101 2647 1185 2689 est
1207 2656 1432 2703 paupera.
1489 2643 1595 2691 Ms.
1634 2643 1787 2690 Bodl.
1820 2650 1875 2692 et
1900 2643 2046 2691 Lind.
2072 2644 2265 2691 viveret.
2301 2641 2471 2690 West.
2539 2639 2736 2699 Pauper

527 2706 685 2754 vivere
708 2704 941 2768 plerique
958 2705 1086 2753 Mss.
1112 2711 1167 2754 et
1190 2705 1283 2755 Pr.
1306 2706 1464 2755 lib.v.
1484 2721 1540 2768 p.
1564 2711 1649 2755 41.
1676 2717 1844 2755 tamen
1868 2709 1919 2755 in
1947 2708 2011 2756 R.
2034 2707 2213 2756 viveret
2235 2712 2365 2754 erat.
2386 2705 2534 2753 Lind.
2581 2702 2732 2761 Ordo

526 2770 716 2818 honeste
757 2771 807 2818 in
857 2770 1022 2832 patria
1060 2775 1116 2818 et
1167 2767 1327 2818 efficit
1368 2773 1631 2819 suaviores
1684 2785 1942 2829 numeros,
1986 2779 2040 2820 et
2091 2770 2462 2833 comprobatur
2504 2768 2633 2815 meis
2672 2773 2734 2815 et

530 2835 720 2883 FaErni
743 2835 908 2893 libris,
930 2834 1020 2883 sed
1046 2834 1441 2883 recentioribus.
1508 2835 1717 2884 Deinde
1742 2837 1857 2899 lego
1875 2850 1989 2884 curn
2024 2835 2176 2885 codd.
2200 2835 2401 2885 duobus
2426 2831 2734 2881 Bodleianis

526 2900 724 2948 viveret.
759 2900 918 2947 Bent.
982 2899 1174 2948 Viveret
1205 2913 1235 2946 e
1277 2900 1404 2947 Mss.
1438 2901 1640 2961 optime
1677 2902 1911 2962 reposuit
1936 2901 2090 2948 Bent.
2123 2900 2189 2948 R.
2208 2899 2280 2948 D.
2346 2897 2522 2946 Verba
2546 2895 2734 2944 eodem

527 2963 680 3011 modo
705 2978 806 3027 quo
840 2964 996 3011 Bent.
1018 2963 1243 3011 collocat
1274 2964 1418 3012 Perl.
1496 2964 1688 3013 Viveret
1713 2966 1800 3012 ΒΓ.
1834 2965 1987 3014 Both.
2013 2964 2259 3012 Perl.—4
2293 2963 2425 3011 Vult
2447 2961 2586 3024 Guy.
2613 2959 2736 3018 Eius

528 3033 728 3075 mortua·
749 3029 811 3074 ad
829 3030 1017 3075 ’πα-6
1043 3027 1356 3075 Consobrinus
1374 3028 1426 3078 J.
1452 3035 1506 3077 et
1531 3029 1765 3077 Venetus
1790 3030 1906 3078 cod.
1942 3029 2075 3077 Perl.
2144 3028 2203 3077 C.
2246 3034 2302 3075 et
2341 3026 2462 3075 Hel.
2494 3025 2734 3075 consobri-

526 3105 631 3150 nus,
647 3099 812 3139 recte.
837 3091 985 3140 Both.
1001 3090 1090 3154 qui
1112 3091 1202 3140 dat
1230 3092 1292 3146 Q.
1314 3107 1359 3140 v.
1379 3097 1506 3140 estne
1526 3092 1606 3141 hic
1626 3108 1678 3142 re
1694 3093 1991 3142 consobrinus
2018 3092 2267 3155 Chrysidis
2281 3088 2401 3141 11--7
2437 3091 2491 3139 Is
2504 3096 2594 3148 est,
2620 3089 2733 3140 Cri·

526 3160 579 3202 to
609 3153 786 3204 Guelf.
826 3157 972 3203 2.-8
1009 3157 1167 3217 Lege,
1195 3157 1294 3203 Nos
1321 3159 1401 3218 pol
1433 3157 1634 3218 quidem.
1671 3159 1825 3206 Bent.
1862 3159 2089 3206 Invertit
2119 3165 2172 3205 et
2214 3154 2353 3204 Peri.
2421 3157 2536 3204 Itan
2553 3156 2643 3203 Br.
2673 3161 2735 3203 et

527 3218 735 3268 alii.—-9
770 3218 854 3267 Sic
877 3218 1074 3267 addunt
1109 3219 1344 3282 lnterpp.
1377 3229 1431 3268 et
1467 3222 1578 3269 sine
1618 3222 1707 3270 illo
1744 3235 1847 3270 uon
1889 3229 2095 3270 constat
2134 3235 2313 3269 versus
2353 3220 2607 3269 trimeter.
2640 3219 2733 3266 Er.

529 3283 617 3332 Sic
633 3283 768 3332 male
791 3299 820 3330 a
843 3283 1102 3331 nonnullis
1123 3285 1402 3333 omittitur.
1437 3285 1588 3334 West.
1656 3287 1811 3334 Ratio
1834 3300 2010 3334 versus
2047 3285 2233 3349 exigit,
2251 3291 2310 3333 ut
2330 3285 2487 3333 satine
2508 3286 2729 3346 legatur.

528 3348 675 3397 Bent.
738 3348 826 3396 Sic
864 3347 992 3396 dant
1029 3348 1184 3396 Both.
1228 3348 1369 3399 Perl.
1394 3351 1480 3411 qui
1512 3349 1578 3397 ad
1616 3350 1788 3401 ‘Quid
1823 3350 1930 3399 vos'
1967 3356 2153 3398 notat:
2192 3348 2353 3398 ‘GM.
2375 3349 2560 3409 agitis.-
2594 3347 2730 3411 quod

526 3413 629 3463 nisi
669 3412 916 3476 glossema
953 3419 1058 3473 est,
1084 3414 1170 3460 vix
1207 3414 1334 3462 alias
1371 3414 1655 3464 invenitur.
1720 3414 1920 3478 Anglus
1952 3415 2047 3478 [sc.
2092 3413 2273 3476 Bent.]
2305 3419 2360 3461 et
2401 3414 2491 3461 alii
2528 3412 2611 3474 [ut
2644 3410 2725 3472 2.]

529 3478 772 3542 conjung.
807 3477 880 3527 sie
924 3478 990 3526 Ut
1021 3478 1381 3528 incommode!
1441 3479 1535 3527 Br.
1572 3479 1714 3528 delet
1749 3480 1966 3528 sicu—10
1999 3478 2147 3528 Alias
2168 3478 2309 3527 lubet.
2329 3479 2418 3528 Er.
2484 3478 2605 3526 Non
2642 3478 2723 3525 ha·

529 3543 624 3594 bet
660 3544 840 3606 quando
879 3541 995 3590 Rc,
1041 3544 1173 3595 Perl.
1243 3543 1635 3608 Quandoquidem
1680 3542 1861 3595 Guelf.
1914 3548 1965 3596 2.
2028 3544 2093 3592 Ut
2139 3543 2368 3599 volumus,
2391 3543 2575 3606 quando
2614 3545 2721 3590 3.—

528 3613 592 3657 12
626 3609 814 3658 Adtuli.
878 3607 963 3655 Ita
987 3608 1349 3656 vetustissimae
1388 3614 1443 3656 et
1479 3608 1689 3670 optimae
1728 3609 1846 3657 edd.
1882 3623 1949 3657 ex
1989 3608 2118 3657 Mss.
2158 3608 2570 3671 quamplurimis.
2631 3606 2723 3654 Pr.

528 3673 619 3721 lib.
636 3686 731 3722 xv.
767 3672 942 3721 Instit.
967 3671 1255 3721 Grammat.
1278 3674 1423 3720 attuli
1439 3673 1588 3735 legit,
1614 3672 1752 3738 quod
1775 3673 1835 3722 F.
1854 3673 1912 3721 F.
1934 3673 1986 3720 in
2011 3678 2212 3736 septem
2238 3674 2371 3721 Mss.
2393 3671 2611 3720 invenit.
2639 3671 2724 3718 Tr.

531 3738 707 3798 :rppulit
730 3737 879 3798 legit.
910 3736 1061 3786 West.
1105 3737 1286 3799 Appuli
1311 3738 1397 3785 Fa.
1437 3736 1615 3788 dedit:
1651 3742 1707 3786 et
1744 3738 1870 3786 nihil
1912 3737 2201 3786 annotavit.
2267 3737 2416 3785 Unus
2438 3749 2506 3784 ex
2528 3734 2715 3784 nostris

535 3806 679 3850 hmine
715 3814 851 3850 nuiss
887 3801 1044 3850 attuli.
1111 3801 1202 3850 Pr.
1241 3817 1288 3865 p.
1315 3805 1458 3851 1009.
1489 3803 1504 3829 ‘
1530 3801 1859 3866 Auspicatoz
1894 3802 2168 3853 Terentius
2204 3801 2255 3849 in
2290 3800 2524 3853 Andria:
2580 3799 2718 3850 Haut

1516 3948 1569 3997 N
1574 3947 1738 3998 OTAE

595 4050 627 4090 fi
663 4042 884 4090 &niarium
941 4042 1213 4108 Chrysidis]
1277 4044 1586 4097 Consobrini
1733 4048 1796 4094 12
1853 4044 2002 4093 Haud
2053 4042 2312 4106 auspicato]
2371 4044 2387 4071 ‘
2422 4037 2718 4106 Auspicari'

535 4122 739 4178 proprie
779 4122 1017 4168 dicuntur
1046 4120 1156 4168 nati
1186 4134 1253 4168 ex
1287 4121 1487 4170 duabus
1511 4137 1588 4171 so·
1668 4128 1766 4183 est,
1789 4135 1853 4169 ex
1877 4120 2048 4168 avium
2071 4128 2227 4168 cantu
2252 4131 2342 4168 aut
2376 4125 2529 4183 gestu
2552 4117 2716 4167 futura

535 4194 727 4238 run-inus
751 4210 763 4250 ς
787 4194 1000 4256 subrini,
1015 4194 1107 4244 tilii
1124 4195 1550 4248 consobrinorum
1570 4211 1585 4258 ς
1668 4197 1919 4247 divinare.
1953 4197 1968 4223 ‘
1987 4194 2302 4258 Auspicato'
2326 4203 2406 4245 est
2426 4194 2713 4244 adverbium

535 4270 811 4330 pann-eles,
831 4269 919 4316 filii
938 4269 1151 4319 duorum
1174 4269 1410 4324 fratrum.
1667 4273 1982 4338 significans,
2012 4271 2258 4336 auspiciis
2298 4270 2485 4322 factis:
2521 4273 2537 4302 ‘
2559 4271 2713 4320 inaus-

434 4648 624 4762 b..

623 4847 634 4875 5-

623 4885 635 4902 u
