3050 4942
503 337 632 404 166
847 353 909 401 Ρ.
956 350 1542 401 ΑΝἰἚεισΝΑκυε
1592 350 1690 399 nn
1731 351 2013 401 marius
2063 352 2389 402 renem.

504 516 677 558 neum
709 515 842 557 esse
871 495 1166 566 duximus,
1215 513 1349 554 curn
1394 507 1689 574 nusquam
1725 492 1930 556 lectori
1959 514 2076 554 non
2123 495 2242 556 sint
2269 495 2447 556 obvia
2471 496 2692 570 sutura,

503 598 561 656 in
605 612 1035 675 quamcumque
1085 592 1259 672 hujus
1304 591 1436 651 libri
1479 591 1756 673 paginam
1801 592 2009 653 oculos
2066 592 2435 654 converterit.
2518 592 2693 653 Illum

505 694 706 771 itaque
743 691 838 751 his
883 689 1186 769 principiis
1220 699 1282 749 et
1323 688 1821 768 praeceptionibus
1867 689 2217 749 instructum
2263 709 2335 749 eo
2382 688 2698 763 dimittam,

506 788 685 850 modo
711 798 773 848 et
798 787 943 848 illud
990 786 1337 859 addiderim,
1386 805 1498 847 nos
1546 786 1648 844 uni
1678 786 1872 845 versui
1921 787 2214 865 geminam
2262 786 2695 856 dimensionem

509 885 876 970 apposuisse,
905 904 1023 944 non
1053 884 1245 945 solum
1271 883 1374 945 ubi
1390 883 1596 943 incidit
1616 883 1972 963 disceptatio
1994 885 2070 944 ob
2090 883 2316 944 alienos
2334 882 2468 944 illos
2489 884 2699 963 pedes,

508 984 612 1044 sed
642 983 816 1043 etiam
853 983 914 1041 in
958 982 1227 1041 versibus
1276 981 1610 1060 ambiguis:
1652 1000 1788 1041 cum
1835 981 2061 1042 scilicet
2103 980 2262 1041 idem
2288 1000 2494 1042 versus
2522 980 2701 1044 simul

508 1091 569 1141 et
596 1082 655 1140 in
684 1080 917 1140 iambici
945 1078 1313 1140 acatalectici
1358 1089 1418 1139 et
1446 1079 1507 1138 in
1536 1078 1818 1139 trochaici
1845 1078 2174 1141 catalectici
2200 1099 2473 1139 numeros
2497 1080 2697 1139 venire

507 1188 755 1258 poterat.
841 1178 997 1237 Sunt
1021 1186 1082 1236 et
1109 1175 1226 1235 alia
1251 1175 1479 1236 ratione
1506 1195 1715 1236 versus
1743 1176 2024 1256 ambigui,
2053 1178 2349 1257 praecipue
2376 1176 2699 1237 tetrametri

508 1274 879 1335 catalectici:
940 1272 1000 1331 in
1030 1291 1279 1352 quorum
1323 1271 1465 1331 sede
1513 1272 1763 1351 septima
1809 1273 2048 1351 ponitur
2086 1271 2597 1354 brachysyllabus,
2638 1273 2702 1332 in

510 1371 640 1431 aliis
684 1390 820 1432 vero
868 1371 1202 1450 regionibus
1247 1369 1447 1430 nullus
1496 1369 1772 1429 consistit
1811 1369 2062 1442 iambus,
2106 1389 2301 1448 neque
2349 1369 2527 1430 etiam
2579 1381 2702 1430 tro·
2790 1445 2798 1453 .

510 1467 713 1529 chaeus
737 1488 753 1527 ε
794 1477 863 1528 ut
890 1477 1058 1528 actus
1090 1486 1169 1529 11.
1198 1466 1463 1538 Andriae,
1490 1465 1818 1545 penultimo
1846 1484 2065 1538 scente,
2093 1468 2155 1528 2.
2185 1485 2383 1527 versu.

673 1606 801 1668 Nisi
831 1606 1016 1680 vides,
1049 1605 1159 1665 nisi
1191 1604 1348 1666 senis
1378 1606 1597 1666 amicos
1628 1624 1782 1679 oraS,
1814 1605 2018 1666 ambiS.
2104 1604 2178 1664 C.
2206 1605 2369 1666 Bene
2389 1624 2618 1666 mones.

512 1755 629 1815 Hic
655 1774 862 1815 versus
891 1754 1130 1833 regione
1159 1752 1347 1831 prima
1372 1752 1546 1813 tertia
1566 1761 1629 1812 et
1654 1752 1906 1832 septima
1931 1751 2447 1831 brachysyllabum
2474 1751 2657 1811 habet
2680 1771 2700 1811 :

511 1852 776 1912 secunda
803 1850 1144 1932 dactylum:
1187 1862 1419 1929 quarta,
1447 1850 1676 1928 quinta,
1722 1860 1783 1909 et
1830 1859 2017 1922 sexta,
2065 1847 2450 1927 spondaeum:
2496 1848 2707 1908 ultima

513 1949 802 2026 syllabam
830 1948 1090 2026 longam,
1112 1968 1246 2027 quse
1269 1967 1498 2008 versum
1520 1947 1683 2008 illurn
1712 1947 2122 2008 catalecticum
2148 1964 2283 2006 esse
2311 1943 2704 2006 demonstrat.

518 2045 638 2105 Sed
666 2045 957 2123 ambigere
986 2045 1278 2124 quispiam
1306 2046 1514 2105 merito
1558 2045 1770 2123 possit,
1820 2044 2202 2118 iambicusne,
2245 2063 2323 2103 an
2368 2041 2704 2103 trochaicus

515 2141 742 2202 censeri
771 2141 1024 2208 debeat:
1068 2161 1200 2200 cum
1230 2141 1308 2201 ibi
1346 2141 1545 2201 nullus
1588 2141 1666 2199 sit
1709 2141 1935 2200 iambus
1979 2139 2079 2219 qui
2129 2139 2462 2212 iambicum,
2512 2159 2706 2219 neque

515 2237 810 2297 trochaeus
837 2236 938 2315 qui
966 2235 1327 2296 trochaicum
1355 2235 1548 2314 possit
1575 2235 1853 2296 indicare.
1921 2237 1958 2296 J
1966 2236 2220 2296 udicium
2254 2236 2436 2317 igitur
2462 2233 2705 2297 aliunde

517 2334 834 2412 petendum
865 2344 991 2394 est:
1020 2353 1231 2412 nempe
1259 2353 1295 2393 a
1316 2332 1521 2392 vicinis
1547 2333 1827 2405 versibus,
1847 2333 1949 2412 qui
1979 2333 2259 2394 trochaici
2286 2344 2428 2394 sunt
2456 2353 2702 2396 ornnes:

518 2451 638 2509 quo
665 2431 824 2491 circa
847 2441 908 2490 et
934 2431 1029 2490 bic
1055 2429 1388 2491 trochaicus
1417 2442 1509 2491 est
1539 2429 1922 2509 judicandus.
1980 2432 2260 2500 Quamvis
2288 2430 2444 2492 enim
2470 2431 2708 2492 iambici

518 2538 580 2586 et
621 2528 903 2588 trochaici
948 2548 1106 2608 soepe
1154 2527 1526 2587 inveniantur
1573 2527 1919 2596 intermisti:
1962 2527 2077 2589 hoc
2106 2539 2299 2590 tamen
2328 2537 2424 2588 est
2450 2528 2535 2587 ita
2558 2536 2707 2587 tem·

516 2625 866 2705 perandum,
894 2635 979 2696 ut,
1008 2644 1127 2705 quo
1155 2624 1351 2705 plures
1380 2625 1645 2705 ejusdem
1673 2624 1904 2704 generis
1932 2625 1992 2685 in
2020 2646 2203 2686 unum
2230 2624 2498 2704 digerere
2526 2639 2708 2702 quea·

517 2739 672 2792 mus,
712 2719 773 2779 id
803 2720 1042 2780 omnino
1068 2739 1347 2781 conemur
1372 2741 1388 2781 :
1432 2742 1626 2800 neque
1655 2741 1793 2781 vero
1819 2721 1992 2800 hujus
2020 2723 2102 2781 rei
2148 2722 2357 2800 gratia,
2404 2722 2500 2781 vel
2529 2720 2706 2781 etiam

520 2818 596 2876 ob
626 2817 773 2878 alias
801 2836 1202 2896 quascumque
1225 2817 1577 2879 comicorum
1602 2837 1871 2878 versuum
1895 2818 2079 2897 leges,
2106 2837 2310 2878 eorum
2337 2816 2708 2895 diligentiam

519 2913 863 2974 imitandam
892 2914 1183 2986 existimo,
1224 2913 1325 2993 qui
1369 2916 1545 2975 etiam
1590 2925 1797 2975 contra
1835 2915 2092 2975 omnium
2123 2916 2500 2994 probatorum
2529 2922 2592 2972 et
2619 2932 2711 2972 re-

520 3020 825 3089 ceptorum
850 3009 1122 3070 codicum
1149 3010 1486 3070 testimonia
1527 3010 1672 3070 nibil
1717 3031 1835 3070 non
1878 3012 1939 3070 in
1976 3011 2250 3071 Terentio
2278 3010 2388 3070 sibi
2416 3008 2594 3069 licere
2620 3010 2710 3067 in-

521 3115 744 3164 vertere
772 3115 1098 3176 autumant,
1140 3105 1316 3166 modo
1345 3125 1577 3166 versum
1606 3106 1684 3165 ad
1712 3126 1970 3186 unguem
2001 3106 2122 3165 suis
2152 3104 2408 3166 numeris
2434 3115 2711 3165 constare

517 3201 967 3261 demonstrent:
1008 3202 1069 3259 in
1099 3211 1573 3279 quornm-tamen
1599 3202 2004 3263 observatione
2026 3201 2154 3280 ipse
2180 3201 2489 3263 Terentius
2517 3200 2592 3260 de
2622 3201 2712 3260 in·

524 3297 752 3357 dustria
779 3297 1084 3376 negligens
1113 3298 1296 3357 fuisse
1323 3297 1692 3379 perspicitur.
1778 3299 1906 3359 Nos
1934 3298 2211 3358 Terentio
2248 3317 2546 3371 numeros,
2590 3316 2708 3357 non

525 3393 857 3453 Terentium
914 3393 1170 3453 numeris
1228 3396 1672 3475 astringendum
1719 3396 2103 3455 arbitramur:
2161 3403 2521 3476 quapropter
2566 3393 2712 3453 nibil

524 3509 782 3569 unquam
830 3491 910 3549 ob
956 3491 1125 3550 metri
1170 3492 1457 3551 rationem
1502 3490 1938 3551 immutavimus
1982 3490 2042 3550 in
2089 3499 2412 3552 contextu:
2452 3488 2567 3548 nisi
2594 3488 2713 3549 duo

525 3597 631 3646 aut
655 3586 825 3666 plura
849 3604 1037 3664 eaque
1063 3586 1181 3646 tide
1211 3587 1394 3666 digna
1436 3588 1495 3647 in
1542 3586 1694 3648 idem
1725 3588 2127 3649 consentirent
2144 3585 2550 3666 exemplaria:
2591 3586 2712 3647 lec-

523 3684 699 3742 tionis
738 3692 933 3742 tamen
977 3683 1317 3742 varietatem
1367 3684 1587 3764 ubique
1632 3684 1752 3744 fere
1801 3683 1876 3744 ad
1928 3684 2249 3762 marginem
2293 3680 2712 3762 apposuimus:
2814 3705 2825 3720 ·

526 3799 649 3840 una
676 3799 811 3839 cnm
856 3779 1041 3839 literis
1084 3788 1146 3840 et
1192 3781 1370 3853 notis,
1412 3802 1547 3860 quse
1576 3780 1867 3841 diversam
1892 3779 2158 3840 indicent
2182 3780 2611 3841 dimensionem
2639 3779 2713 3838 ab

526 3895 619 3945 ea,
660 3894 837 3952 quarn
864 3876 1167 3955 receptiori
1195 3886 1256 3936 et
1281 3876 1341 3934 in
1388 3888 1671 3936 contextu
1713 3876 1926 3955 positae
1973 3875 2215 3937 lectioni
2260 3875 2711 3956 assignavimus.

528 3971 738 4032 Valete
764 3971 966 4045 Saraei,
993 3972 1208 4033 eximia
1235 3991 1340 4053 spe
1363 3971 1812 4033 adolescentuli.
1897 3970 2088 4053 Lugd.
2118 3973 2270 4038 Idib.
2293 3974 2451 4055 Aug.
2483 3971 2660 4035 1556.
