3050 4942
512 456 519 465 κ
560 379 692 445 392
1307 391 1371 442 Ρ.
1416 390 1779 447 ‘renem-11
1830 393 2003 445 Arm

562 541 794 591 mentum
815 533 901 583 τοῦ
928 532 1091 594 Ἄλφα
1110 531 1267 583 fuerit
1288 533 1608 596 praemissum
1633 532 1795 584 initiis
1830 546 2064 598 opernm.
2130 535 2248 587 Qua
2271 533 2339 583 de
2353 540 2417 584 're
2438 534 2739 593 consulendi

561 600 885 662 Interpretes
908 598 972 647 ad
1007 597 1322 663 Apocalyps.
1365 613 1404 648 1.
1427 602 1475 648 8.
1515 598 1671 648 West.
1719 598 1787 648 G.
1820 603 1862 647 Ω
1900 599 2133 648 Plaudite.
2204 600 2464 662 Calliopius
2505 601 2738 650 recensui.

560 664 687 714 EM.
725 664 768 712 C
817 663 1060 713 Plaudite.
1094 664 1218 714 Cau.
1238 677 1332 713 rec.
1380 664 1489 712 ΕΤ.
1534 664 1627 712 Vos
1654 665 1801 713 valete
1816 670 1865 713 et
1882 665 2109 725 plaudite.
2145 665 2271 713 Call.
2291 680 2385 714 rec.
2417 664 2500 713 Id.
2526 666 2578 714 in
2601 664 2739 714 Add.

558 745 667 795 Hic
701 753 824 795 ante
864 742 1077 792 verbum
1111 742 1424 804 ‘Plauditef
1452 744 1504 793 in
1541 744 1769 794 omnibus
1810 758 1931 794 vero
1972 744 2084 794 aliis
2107 743 2312 793 Fabulis
2337 751 2459 793 ante
2493 758 2558 793 ea
2580 743 2740 793 verba

562 809 580 837 ‘
599 809 704 860 Vos
726 808 931 869 valete,'
964 808 1111 858 Bem.
1148 815 1205 859 et
1234 822 1411 856 omnes
1445 808 1531 857 alii
1555 809 1755 871 antiqui
1775 809 1909 869 hanc
1929 820 2102 858 notam
2133 809 2323 858 habent
2342 815 2417 857 n:
2453 823 2612 871 super
2633 823 2738 872 quo

558 874 674 922 loco
696 875 770 923 ita
791 873 1150 935 Eugrapbius:
1192 872 1368 921 Verba
1390 880 1510 921 sunt
1534 874 1844 934 recitatoris,
1878 875 1987 937 qui,
2007 873 2123 922 dum
2156 873 2404 923 Fabulam
2423 874 2738 934 terminaret,

561 938 800 989 elevabat
817 939 982 986 aulaea
1000 951 1205 999 scaenae,
1227 942 1281 986 et
1298 936 1504 987 dicebat
1521 938 1584 986 ad
1605 938 1847 1001 populum
1870 954 1884 988 ς
1907 938 1924 966 ‘
1944 939 2051 987 Vos
2064 938 2231 987 valete
2254 945 2311 988 et
2333 937 2606 999 plaudite.'
2645 937 2737 988 Fa.

559 1001 703 1051 Nota
724 1004 812 1051 illa
835 1003 887 1051 in
912 1000 1082 1050 Libris
1106 1000 1367 1050 veteribus
1389 1016 1491 1049 non
1509 1008 1588 1051 est
1610 1008 1653 1050 Ω
1674 1002 1763 1051 sed
1785 1015 1849 1050 ωε
1878 1002 1944 1051 de
1967 1016 2087 1067 qua,
2109 1009 2304 1065 praeter
2331 1002 2608 1065 Eugraphii
2623 1015 2737 1049 sen·

559 1068 795 1128 tentiam,
818 1073 925 1116 tres
946 1066 1070 1115 alias
1092 1067 1247 1130 longa
1267 1066 1700 1116 commentatione
1722 1066 2066 1131 producit-vir
2086 1066 2300 1116 doctus:
2332 1081 2547 1129 quarum
2561 1074 2736 1115 tamen

558 1131 686 1179 nulli
707 1131 1008 1191 assentitur,
1036 1144 1132 1180 nec
1151 1145 1294 1179 suam
1317 1129 1477 1180 addit.
1543 1132 1654 1182 Nos
1678 1145 1879 1193 novam,
1901 1139 1957 1180 et
1976 1138 2070 1181 aut
2101 1146 2273 1180 veram
2306 1139 2396 1180 aut
2425 1141 2573 1179 certe
2615 1142 2736 1176 vero

560 1197 866 1257 proximam,
887 1194 1052 1244 tribus
1074 1193 1243 1244 verbis
1266 1192 1550 1244 afferemus.
1617 1195 1802 1244 Horat.
1823 1194 1897 1245 A.
1914 1194 1979 1245 P.
2000 1200 2111 1245 154.
2143 1197 2158 1223 ‘
2182 1196 2238 1245 si
2258 1193 2474 1243 fautoris
2499 1207 2623 1256 eges
2646 1208 2736 1242 au-

559 1261 663 1307 laea
692 1260 971 1317 manentis,
1007 1265 1061 1308 et
1097 1273 1259 1324 usque
1291 1259 1517 1322 Sessuri,
1544 1259 1711 1310 donec
1732 1267 1940 1321 cantor,
1952 1260 2058 1310 Vos
2079 1260 2329 1324 plaudite,
2349 1257 2527 1307 dicat.'
2595 1258 2736 1308 Nota

557 1322 684 1372 illud
717 1326 732 1353 ‘
754 1323 998 1373 Plaudite
1013 1321 1029 1345 ’
1063 1337 1094 1371 a
1112 1324 1337 1373 Cantore
1360 1324 1466 1373 dici
1491 1325 1673 1373 solere.
1743 1325 1888 1373 Alius
1910 1331 1990 1373 est
2006 1323 2188 1385 Actor,
2211 1324 2337 1372 alius
2357 1323 2569 1373 Cantor.
2634 1321 2736 1370 Ac·

561 1393 702 1436 tores
717 1388 770 1436 in
794 1389 889 1437 hac
912 1386 1113 1436 Andria
1136 1388 1423 1438 Primarum
1442 1395 1497 1437 et
1515 1388 1865 1438 Secundarum
1892 1389 2110 1452 partium
2153 1387 2415 1437 Ambivius
2451 1395 2509 1436 et
2546 1385 2737 1436 Atilius

560 1459 727 1501 erant.
792 1452 1082 1502 Tertiarum
1122 1453 1344 1515 partium
1391 1459 1556 1515 actor,
1592 1460 1772 1517 utpote
1812 1452 2069 1514 ignobilis,
2118 1467 2367 1516 nusquam
2406 1458 2731 1499 memoratur.

557 1517 752 1565 Cantor
776 1524 949 1567 autem
974 1516 1206 1580 Flaccus,
1228 1516 1431 1565 Claudii
1453 1515 1605 1579 filius,
1632 1518 1717 1583 qui
1755 1517 1891 1566 tibiis
1927 1517 2137 1581 paribus
2170 1516 2415 1576 canebat,
2450 1516 2650 1564 dextris
2682 1520 2736 1562 et

561 1580 798 1630 sinistris.
864 1581 1021 1644 Ergo,
1048 1596 1164 1630 cum
1189 1580 1408 1630 Actores
1431 1596 1607 1630 omnes
1630 1597 1691 1630 ex
1714 1582 1896 1631 Scaena
1917 1581 2140 1644 exirent,
2164 1580 2399 1629 Cantoris
2419 1587 2556 1639 erat,
2577 1578 2731 1641 depo-

560 1645 674 1693 sitis
696 1660 761 1694 ex
785 1658 875 1695 ore
903 1645 1060 1707 tibiis,
1080 1647 1097 1674 ‘
1115 1645 1381 1695 Plaudite'
1400 1646 1655 1695 insonare.
1696 1646 1770 1696 Ut
1794 1646 1952 1722 igitur
1969 1645 2019 1694 in
2046 1643 2308 1693 veteribus
2328 1643 2469 1693 libris
2497 1657 2732 1706 personas

554 1710 675 1758 'aliae
700 1715 965 1772 notantur,
990 1721 1126 1760 ΡΑΜ.
1149 1722 1279 1760 nav.
1302 1723 1551 1772 (Ἥκεις
1580 1711 1653 1762 ita
1673 1710 1753 1759 liic
1776 1711 1895 1759 olim
1918 1725 1987 1760 ea.
2008 1724 2102 1774 pro
2124 1709 2347 1758 Cantore
2360 1707 2559 1756 scilicet
2579 1723 2595 1754 ε
2622 1721 2732 1771 ηοω

560 1782 686 1823 nota
708 1788 821 1823 cum
846 1788 947 1823 non
981 1773 1246 1824 intellecta
1270 1783 1426 1838 esset,
1461 1776 1705 1836 paulatim
1729 1783 1784 1824 et
1805 1775 2093 1838 compendii
2125 1788 2274 1822 causa
2295 1774 2344 1821 in
2369 1772 2653 1834 proximam
2687 1771 2735 1818 ei

561 1834 776 1888 sormam
791 1858 828 1887 ω
850 1838 1204 1902 degeneravit.
1238 1839 1387 1889 Beni.
1428 1840 1516 1890 Sic
1539 1841 1692 1890 Bent.
1710 1853 1953 1904 perquam
1975 1837 2341 1901 probabiliter:
2365 1851 2525 1900 quare
2547 1835 2733 1898 ascrip-

558 1903 716 1952 simus
738 1917 971 1965 personae
994 1917 1195 1953 nomen.
1213 1903 1360 1953 ΒοεΙι.
1388 1910 1431 1952 Ω
1447 1905 1497 1953 in
1521 1905 1754 1954 omnibus
1773 1910 1900 1953 vett.
1929 1903 2081 1953 codd.
2105 1909 2159 1951 et
2184 1904 2246 1952 R.
2269 1901 2520 1950 babetur.‘
2550 1900 2616 1949 In
2630 1899 2737 1964 qui·

562 1966 778 2016 busdam
811 1967 936 2017 libb.
973 1967 1226 2030 Calliopus.
1268 1968 1419 2017 Lind.
1486 1969 1620 2019 Post
1650 1970 1666 1998 ⁴
1688 1969 1932 2018 Plaudite
1948 1967 1966 1991 '
1998 1969 2048 2017 in
2090 1967 2220 2017 GM.
2256 1972 2544 2030 sequuntur
2581 1966 2693 2013 baec
2717 1979 2731 2011 z

498 2031 503 2037 ’
565 2032 686 2081 Call.
706 2032 1036 2092 rec.seliciter.
1101 2032 1227 2080 Tum
1251 2033 1546 2082 minusculis
1563 2033 1726 2083 literis
1749 2033 2024 2096 separatim
2048 2032 2114 2081 ab
2134 2031 2233 2079 illis
2250 2031 2346 2079 hoc
2369 2029 2550 2078 modo:
2571 2027 2735 2076 Finita

481 2120 487 2127 ·
560 2095 744 2144 Fabula
760 2098 810 2144 in
828 2097 1009 2145 theatro
1027 2095 1253 2145 recitator
1275 2097 1469 2146 Fabuloe
1489 2098 1645 2147 aiebat
1659 2116 1695 2145 ω
1712 2098 1923 2161 plaudite
1945 2102 1993 2146 et
2013 2098 2179 2146 valete.
2213 2095 2357 2144 Perl.
2406 2094 2581 2142 Restat
2597 2092 2688 2140 Br.
2704 2105 2734 2139 a

559 2173 643 2220 pr.
668 2174 738 2208 m.
757 2160 848 2208 sed
872 2168 1124 2208 mutatum
1163 2160 1215 2208 in
1253 2166 1414 2210 restet.
1464 2156 1543 2209 ‘In
1575 2163 1668 2211 Br.
1710 2163 1829 2211 olim
1868 2163 2057 2210 lectum
2095 2173 2210 2209 esse
2251 2159 2454 2208 videtur
2487 2156 2734 2205 recensuit.

557 2223 743 2272 Bruns.
767 2229 811 2271 Ω
826 2222 1002 2271 delent
1016 2224 1170 2273 Bent.
1199 2226 1339 2273 Perl.
1369 2227 1480 2273 Dat
1496 2244 1533 2273 ω
1551 2226 1642 2274 Br.
1682 2227 1852 2275 Restat
1874 2225 2065 2275 babent
2082 2221 2256 2274 Guelf.
2280 2227 2327 2272 2.
2344 2227 2390 2271 3.
2415 2232 2634 2285 quorum
2657 2220 2734 2268 bic

556 2283 715 2334 habet
732 2304 768 2333 ω
789 2301 869 2334 cas
888 2290 1037 2336 valete
1053 2292 1099 2337 et
1113 2287 1336 2350 plaudite.
1364 2290 1624 2353 Calliopius
1635 2290 1859 2339 recensui.
1892 2292 2003 2340 Dat
2032 2289 2196 2338 Vatete
2208 2292 2255 2336 et
2269 2287 2484 2350 plaudite
2500 2280 2729 2335 Guelfil.

560 2350 804 2399 Ceterum
838 2349 904 2398 de
938 2350 1186 2412 versibus,
1216 2366 1428 2416 quorum
1461 2353 1545 2402 hic
1569 2355 1797 2403 meminit
1819 2355 1914 2403 Do.
1937 2353 2055 2403 audi
2079 2352 2492 2401 Westerhovium
2510 2367 2525 2398 ε
2561 2349 2577 2377 ‘
2596 2348 2734 2397 Citat

560 2414 654 2463 hos
677 2428 854 2463 versus
878 2415 1118 2479 Guyetus
1138 2431 1203 2465 ex
1224 2415 1530 2481 quibusdam
1554 2419 1933 2481 exemplaribus
1957 2417 2052 2466 sibi
2077 2417 2212 2465 visis.
2266 2415 2330 2464 In
2369 2416 2499 2464 Mss.
2537 2413 2730 2472 decem,

563 2493 777 2540 quorum
796 2480 960 2528 varias
981 2479 1231 2530 lectiones
1244 2481 1477 2543 exhibeo,
1492 2496 1594 2530 non
1621 2483 1963 2545 reperiuntur,
1986 2495 2155 2545 neque
2178 2480 2228 2528 in
2251 2493 2507 2543 quoquam
2530 2478 2733 2539 impres·

559 2557 732 2592 sorum
756 2543 1009 2605 codicum,
1033 2544 1217 2610 quibus
1239 2545 1442 2610 quidem
1466 2546 1591 2595 mihi
1614 2549 1688 2595 uti
1713 2548 1950 2611 contigit.
2006 2539 2168 2595 ‘Licet
2189 2552 2359 2594 autem
2384 2550 2441 2592 et
2462 2541 2659 2592 Donati
2680 2547 2731 2589 et

558 2607 837 2670 Engrapliii
851 2608 1051 2672 judicio
1074 2610 1233 2673 spurii
1257 2609 1361 2659 sint
1382 2610 1431 2659 hi
1455 2625 1636 2661 versus
1658 2626 1869 2660 numero
1892 2609 2284 2676 septemdecim,
2300 2606 2417 2672 quia
2442 2614 2612 2657 tamen
2627 2606 2728 2669 jam

559 2678 719 2721 tantae
741 2681 861 2721 sunt
881 2673 1218 2738 antiquitatis,
1246 2675 1391 2725 lubet
1414 2689 1501 2724 eos
1519 2675 1792 2738 ascribere,
1817 2684 1894 2737 ut,
1916 2674 2147 2741 quisquis
2171 2672 2380 2721 tandem
2400 2672 2601 2721 illorum
2616 2683 2728 2718 auc·

553 2741 635 2783 tor
656 2737 744 2799 sit,
775 2737 898 2800 quid
922 2737 987 2787 de
1007 2738 1211 2789 Charini
1228 2739 1422 2803 nuptiis
1444 2740 1732 2805 scripserit,
1767 2741 1975 2791 Lectori
1996 2736 2323 2789 manifestum
2347 2735 2457 2787 fiat.
2526 2735 2619 2784 Ita
2638 2733 2725 2796 igi-

557 2807 644 2851 tur
664 2815 752 2851 eos
769 2801 981 2853 exhibet
1004 2802 1240 2867 Guyetus
1261 2820 1276 2852 z
1465 2808 1472 2814 '

747 2899 851 2949 ΡΑ.
887 2899 952 2948 Te
968 2900 1267 2963 expectabam
1283 2916 1300 2949 .·
1332 2904 1404 2949 est
1425 2902 1485 2949 de
1506 2906 1590 2950 tua
1611 2915 1684 2964 re,
1704 2902 1825 2964 quod
1844 2913 1986 2963 agere
2001 2914 2088 2962 ego
2108 2903 2259 2947 tecum
2278 2897 2396 2947 colo.

744 2962 878 3012 Dedi
899 2977 1102 3026 operam,
1120 2978 1180 3012 ne
1199 2979 1273 3014 me
1295 2979 1392 3013 esse
1412 2965 1607 3014 oblitum
1627 2967 1757 3014 dicas
1776 2971 1872 3015 tuae
1885 2969 2050 3027 gnatae
2065 2965 2247 3013 altere.

749 3027 857 3075 Tibi
871 3041 943 3075 me
958 3029 1122 3090 opinor
1142 3029 1364 3089 reperisse
1377 3029 1576 3090 dig-num
1595 3035 1643 3078 te
1657 3035 1795 3093 atque
1815 3030 1902 3078 illa
1919 3029 2088 3077 virum.
2205 3082 2210 3087 ,

745 3091 889 3138 Clu.
921 3089 1077 3147 Dave,
1091 3092 1154 3139 ah
1171 3092 1321 3153 perii.-
1339 3095 1399 3142 de
1420 3109 1521 3142 meo
1538 3110 1696 3143 amore
1715 3111 1771 3143 ac
1785 3094 1886 3143 vita
1906 3109 2028 3142 nune
2047 3106 2150 3141 sors
2171 3091 2374 3139 tollitur.

745 3154 889 3202 Can.
923 3154 1036 3202 Nou
1056 3169 1173 3203 nova
1192 3156 1356 3204 isthaec
1374 3157 1495 3206 mihi
1515 3159 1719 3207 conditio
1740 3162 1830 3218 est,
1853 3158 1898 3206 si
1920 3157 2180 3217 voluissem,
2201 3154 2471 3215 Pamphile.

744 3217 888 3265 Clu.
924 3217 1110 3280 Occidi,
1132 3217 1288 3280 Dave,
1317 3222 1459 3284 perii.
1522 3223 1609 3272 Cu
1618 3237 1670 3272 u.
1708 3223 1806 3272 Sed
1825 3222 1877 3269 id
1897 3220 2185 3283 quamobrem
2202 3233 2293 3267 nou
2308 3219 2456 3280 uolui,
2475 3218 2684 3282 eloquar.'

744 3280 858 3329 Nau
870 3281 1065 3343 ideireo,
1087 3285 1206 3345 quod
1222 3299 1325 3332 eum
1344 3288 1532 3350 affinem
1552 3287 1669 3335 milti
1689 3287 1874 3336 nollem.
1941 3285 2043 3334 Pa.
2092 3283 2236 3343 Hem,
2269 3286 2386 3333 tace.

722 3345 886 3396 0C1m.
918 3345 1015 3395 Sed
1034 3347 1245 3398 amicitia
1257 3357 1438 3414 uestra,
1457 3366 1564 3414 quoe
1579 3356 1651 3400 est
1670 3367 1701 3400 a
1716 3350 1933 3414 patribus
1952 3349 2126 3399 nostris
2146 3347 2345 3411 tradita,

1528 3505 1741 3559 NOTAE

544 3630 662 3666 cum
684 3614 789 3664 illoe
806 3613 980 3665 licium
1003 3615 1213 3667 densius
1236 3616 1514 3682 inculcant,
1539 3628 1597 3670 et
1676 3622 1800 3671 dere
1836 3628 1918 3671 est
1958 3619 2093 3684 apud
2134 3618 2398 3668 Plautum.
2466 3604 2649 3664 Horat.
2670 3611 2722 3662 iu

545 3705 662 3742 cum
688 3692 867 3755 plausu
905 3692 1173 3745 collidunt.
1236 3695 1357 3745 Hoc
1379 3696 1594 3746 verbum
1675 3696 1837 3748 Arte:
1872 3699 1888 3727 ⁴
1912 3696 2096 3746 Donec
2119 3691 2339 3750 cantor,'
2360 3691 2415 3740 id
2437 3699 2540 3752 est,
2563 3696 2723 3748 actor,

543 3769 700 3819 etiam
722 3769 774 3818 in
793 3770 1069 3820 Theatrum
1092 3772 1341 3836 migravit
1378 3783 1592 3838 posteat
1676 3781 1690 3803 ⁶
1711 3773 1819 3822 Vos
1873 3772 2129 3838 plaudite,
2165 3767 2348 3835 dican?
2411 3768 2606 3817 Cantor
2646 3770 2721 3812 est

542 3858 706 3910 eoque
728 3846 950 3909 peractis
969 3846 1154 3898 fabulis
1174 3855 1502 3913 spectatores
1516 3852 1594 3901 di·
1675 3859 1837 3899 actor.
1903 3846 2153 3911 Apuleius
2191 3845 2466 3908 eleganter
2493 3856 2580 3892 111.
2614 3841 2719 3889 Flo·

541 3920 901 3973 mittebantur.
1005 3924 1021 3951 ⁴
1056 3923 1247 3974 Valere
1284 3925 1301 3947 '
1350 3927 1483 3975 enim
1539 3934 1596 3977 et
1676 3925 1773 3974 rid.
1808 3926 1825 3952 ‘
1851 3923 2237 3973 Renuntiavere
2270 3918 2495 3969 Poetam
2535 3915 2717 3966 dixisse

535 3997 554 4026 ⁴
576 3995 856 4057 plaudere’
889 3996 1244 4061 jubebantur3
1276 4016 1393 4066 quae
1432 4002 1595 4051 verba
1677 4002 1833 4051 rebus
1852 4000 2102 4062 humanis,
2138 3997 2330 4058 valere,
2367 4002 2424 4045 et
2447 3993 2718 4058 plaudere;

541 4073 621 4142 vel
647 4086 678 4119 a
700 4085 854 4136 grege
870 4072 1285 4137 histrionum,vel
1306 4078 1369 4126 ab
1390 4092 1454 4127 ea
1471 4093 1589 4142 per·
1673 4078 1779 4127 suis
1837 4090 1959 4125 vero
2012 4071 2369 4135 familiaribus,
2420 4069 2613 4131 dolere,
2664 4071 2717 4113 et

539 4159 684 4207 sona,
707 4162 821 4209 quae
843 4156 1102 4211 postrema
1118 4151 1170 4198 in
1191 4151 1406 4201 Scenam
1427 4153 1589 4202 intro·
1671 4151 1955 4218 plangere!

540 4221 848 4285 ducebatur,
886 4224 1391 4286 pronuntiabantur:
1426 4235 1484 4278 ut
1513 4229 1589 4278 vi·

2749 364 2780 391 ss.
