3050 4942
576 419 705 483 400
747 417 752 420 ’
1308 432 1376 479 Ρ.
1421 431 1788 481 Tenemur
1836 430 2016 478 Arm

639 576 777 626 illam
801 575 1023 641 puellam
1052 573 1261 637 exarsit,
1284 580 1345 623 ut
1365 573 1541 623 statim
1564 572 1853 638 relinquens
1873 571 2039 621 socios
2060 570 2421 634 insequeretur
2440 583 2570 620 eam.
2618 569 2726 632 Sed,

640 664 912 721 antequam
956 654 1276 718 pervenisset
1315 653 1380 702 ad
1402 655 1606 703 domum
1630 651 1932 715 meretricis,
1958 666 2059 716 quo
2083 650 2367 701 ducebatur
2400 651 2587 713 puella,
2619 657 2728 701 ante

631 736 924 787 introduxit
956 749 1068 785 eam
1106 734 1375 798 parasitus,
1437 734 1857 798 Perveniensque
1880 732 1947 784 ad
1972 733 2181 796 januam
2211 731 2329 794 ipse
2350 731 2645 781 adolescens
2665 745 2735 780 re·

636 817 777 882 perit
820 816 892 865 ibi
924 816 1297 865 Parmenonem
1329 829 1535 863 servum
1576 813 1753 863 fratris
1786 814 1864 862 sui
1906 813 2178 869 Phaedriae,
2210 812 2417 861 missum
2452 812 2518 862 ad
2550 813 2643 861 hoe
2682 818 2734 860 ut

633 897 927 945 eunuchum
950 901 1005 944 et
1027 893 1373 957 Ethiopissam
1395 893 1580 942 Thaidi
1602 893 1850 943 traderet.
1895 893 2060 944 Quem
2082 893 2200 941 dum
2222 898 2613 957 percontaretur
2635 891 2739 941 tris-

639 977 740 1026 tis:
774 978 908 1038 Quo,
939 975 1120 1039 iuquit,
1156 975 1281 1024 abiit
1313 975 1506 1037 puella,
1525 975 1602 1025 ait
1622 975 1672 1025 ei
1693 975 1975 1024 Parmeno:
2007 973 2195 1024 Thaidi
2228 974 2417 1024 donata
2452 979 2553 1023 est.
2613 972 2737 1022 Tum

633 1056 893 1106 communi
913 1055 1127 1105 consilio
1150 1059 1436 1104 tractantes
1451 1055 1534 1103 illi
1554 1053 1675 1117 duo,
1709 1055 1967 1104 Parmeno
1989 1053 2233 1105 videlicet
2253 1068 2451 1115 servus,
2472 1059 2532 1104 et
2552 1052 2743 1103 Cherea

635 1135 798 1185 frater
819 1135 1007 1185 domini
1029 1135 1124 1197 sui,
1150 1136 1293 1185 exuit
1310 1149 1366 1185 se
1388 1135 1691 1185 adolescens
1725 1137 1922 1186 Cherea
1956 1135 2185 1185 vestibus
2209 1135 2331 1196 suis,
2351 1141 2409 1184 et
2437 1133 2649 1184 indutus
2670 1141 2746 1184 est

635 1216 862 1266 vestibus
898 1216 1137 1279 eunuchi,
1169 1217 1406 1280 quoniam
1444 1224 1568 1267 tunc
1601 1217 1848 1280 temporis
1869 1214 2286 1275 eunuchihabitu
2308 1216 2464 1271 etiam
2487 1215 2745 1265 discerne·

629 1295 840 1358 bantur,
864 1297 1037 1360 sicque
1060 1297 1174 1345 loco
1197 1288 1419 1346 eunuchi
1446 1311 1563 1346 cum
1582 1298 1878 1362 Ethiopissa
1897 1297 2081 1346 Thaidi
2106 1296 2326 1346 traditus
2341 1302 2429 1345 est
2458 1311 2490 1345 a
2511 1310 2664 1345 servo
2683 1296 2746 1345 ob

634 1376 732 1426 hoc
774 1377 1032 1438 videlicet,
1066 1383 1125 1426 ut
1149 1378 1462 1439 voluptatem
1494 1391 1636 1427 suam
1670 1392 1735 1427 ex
1769 1376 1942 1440 puella
1975 1393 2003 1426 a
2026 1377 2281 1427 Thrasone
2313 1377 2470 1427 missa
2485 1377 2746 1439 expleret.

635 1455 785 1508 Quod
802 1456 883 1506 ita
921 1456 1155 1518 contigit.
1223 1456 1355 1506 Nam
1391 1456 1508 1506 sine
1548 1472 1691 1507 mora
1725 1458 1883 1507 Thais
1913 1458 2176 1512 meretrix,
2195 1471 2408 1520 sperans
2427 1456 2572 1505 illum
2594 1471 2749 1507 eunu-

633 1536 784 1585 chum
806 1550 920 1585 esse
943 1536 1066 1584 duas
1090 1534 1157 1584 ob
1181 1550 1381 1598 causas,
1399 1536 1652 1587 videlicet
1693 1545 1908 1602 propter
1943 1537 2324 1597 vestimentum,
2345 1543 2401 1586 et
2423 1537 2545 1600 quia
2567 1537 2747 1585 imber·

632 1616 710 1665 bis
724 1615 1059 1679 ephebusque
1080 1622 1213 1678 erat,
1235 1614 1372 1664 inter
1392 1621 1592 1665 ceteras
1613 1617 1992 1666 commendavit
2009 1617 2056 1665 ei
2075 1618 2227 1677 etiam
2247 1617 2591 1679 Pamphilam,
2604 1631 2746 1680 quam

634 1696 858 1746 amabat.
924 1696 1042 1744 Mos
1064 1700 1143 1744 est
1164 1695 1295 1744 euim
1321 1696 1608 1758 puellarum
1630 1696 2072 1749 curameunuchis
2102 1696 2440 1746 committere-
2500 1696 2608 1745 Sed
2632 1694 2747 1759 quid

634 1783 804 1827 actum
846 1776 958 1826 est?
1026 1775 1163 1824 Dum
1198 1776 1355 1838 igitur
1388 1776 1549 1825 Thais
1580 1778 1742 1826 milite
1778 1777 2043 1827 Thrasone
2077 1785 2291 1840 rogante
2323 1774 2388 1825 ad
2413 1777 2621 1825 domum
2645 1777 2748 1840 ejus

631 1853 871 1918 profecta
893 1862 1049 1918 esset,
1068 1855 1368 1905 adolescens
1392 1857 1547 1913 solus,
1570 1857 1657 1921 qui
1675 1871 1767 1921 pro
1790 1858 2023 1909 eunucho
2040 1855 2332 1916 tenebatur,
2353 1855 2403 1903 in
2426 1855 2618 1904 cellula
2638 1870 2749 1904 cum

625 1936 896 2001 Pamphila
917 1936 1107 1999 degens
1131 1943 1367 1999 optatum
1386 1938 1621 2001 explevit
1643 1938 1865 2001 genium.
1931 1939 2047 1990 Quo
2072 1943 2288 1999 peracto
2309 1942 2368 1985 ut
2388 1936 2557 1992 libuit,
2576 1939 2745 1987 statim

624 2031 864 2080 egressus
887 2022 984 2079 est,
999 2031 1239 2066 remeans
1258 2016 1330 2066 ad
1348 2018 1572 2081 propria.
1636 2018 1789 2069 Quod
1817 2018 1935 2066 dum
1960 2018 2190 2080 agnitum
2213 2025 2352 2066 esset
2375 2032 2467 2081 per
2487 2019 2746 2067 Phithiam

623 2096 942 2154 ancillulam,
980 2110 1131 2159 quam
1177 2096 1456 2159 reliquerat
1477 2086 1635 2145 Thais
1671 2096 1737 2146 ad
1769 2097 2157 2149 custodiendam
2188 2096 2414 2159 domum,
2435 2097 2524 2146 ille
2546 2098 2745 2146 vetulus

623 2175 896 2228 eunuchus
919 2174 1087 2225 adhuc
1109 2174 1320 2224 indutus
1343 2175 1573 2225 vestibus
1599 2176 1942 2226 adolescentis
1961 2176 2016 2226 iu
2040 2177 2243 2227 domum
2268 2175 2523 2226 Phaedriae
2557 2177 2745 2225 domini

622 2254 706 2302 sui
738 2255 1130 2317 comprehensus
1151 2260 1251 2303 est.
1315 2256 1607 2320 Statimque
1630 2255 1848 2320 flagellis
1873 2250 2096 2306 afflictus
2113 2255 2376 2306 confessus
2398 2262 2481 2304 est
2516 2257 2742 2306 ordinem

626 2334 723 2391 rei,
743 2333 878 2397 quod
899 2334 1066 2383 adhuc
1087 2334 1283 2385 latebat
1302 2336 1617 2386 Phaedriam.
1677 2336 1745 2390 At
1769 2346 1964 2399 cetera,
1996 2352 2111 2400 quae
2143 2337 2256 2400 ipse
2274 2337 2504 2391 comicus
2524 2336 2745 2387 urbanis·

617 2412 752 2463 sime
776 2413 978 2477 dilatat,
999 2415 1267 2480 sequentia
1289 2417 1557 2481 perlegens
1581 2417 1989 2471 animadvertere
2010 2417 2196 2483 quibit.

1255 2803 2116 2881 PROLOGUS..

556 2938 655 3028 Sl
683 2967 1043 3049 quisquam
1065 2971 1197 3044 est,
1230 2967 1344 3049 qui
1371 2968 1640 3050 placere
1673 2986 1745 3030 se
1776 2967 2047 3031 studeat
2079 2967 2272 3031 bonis

563 3063 786 3140 Quam
816 3067 1136 3147 plurimiS,
1158 3073 1224 3130 et
1252 3068 1521 3131 minime
1551 3068 1802 3130 multos
1827 3067 2093 3145 laedere,

560 3162 640 3225 In
669 3163 773 3226 his
803 3164 1020 3230 Poeta
1049 3167 1161 3230 hic
1191 3186 1433 3230 nomen
1462 3168 1817 3250 profitetur
1846 3187 2068 3231 suum.

557 3262 731 3326 Tum
757 3264 817 3327 si
847 3265 998 3348 quis
1025 3273 1151 3343 est,
1178 3268 1296 3350 qui
1321 3267 1572 3331 dictum
1601 3270 1667 3332 in
1699 3287 1772 3332 se
1796 3268 2256 3339 inclementius

559 3363 997 3432 Existimabit
1025 3387 1199 3446 esse,
1229 3368 1328 3432 sic
1357 3369 1744 3434 existimet:
1928 3443 1933 3449 ¹
2693 3369 2745 3431 5

614 3551 819 3603 Simius
837 3560 927 3614 est,
948 3556 1025 3604 cui
1045 3558 1287 3607 admodum
1307 3571 1435 3607 σανα
1463 3557 1547 3614 sit,
1565 3556 1793 3618 plerisque
1821 3571 1873 3605 se
1890 3559 2085 3616 gratum
2107 3565 2220 3614 esse,
2239 3550 2475 3613 nullosque
2495 3549 2752 3612 offendere,

555 3613 638 3663 lus
654 3617 786 3666 iuter
811 3620 959 3668 Poe‘ta
987 3626 1145 3669 noster
1173 3624 1255 3671 dat
1277 3637 1440 3670 nomeu
1459 3635 1624 3669 suum:
1660 3626 1776 3685 tuyn,
1807 3621 1853 3667 si
1874 3619 2104 3682 quispiam
2126 3623 2216 3676 est,
2238 3616 2318 3678 qui
2339 3614 2552 3663 acerbius
2567 3612 2749 3674 aliquid

553 3677 677 3728 iuss
706 3682 885 3732 dictum
910 3688 1188 3748 suspicetur,
1214 3685 1284 3734 sic
1304 3685 1586 3746 arbitretur,
1608 3688 1656 3733 et
1675 3684 1814 3746 sciat,
1834 3684 1919 3732 hoc
1951 3695 2219 3745 responsum
2235 3694 2338 3728 esse
2356 3679 2411 3727 iu
2429 3677 2750 3737 defensionem

1460 3809 1517 3829 0ae
1521 3807 1828 3828 ΟΜΝ

617 3876 647 3920 1
676 3858 1006 3933 Bentleius,⁴
1023 3873 1157 3935 nisi:
1174 3873 1361 3938 inquit,
1383 3877 1400 3904 ‘
1418 3891 1510 3938 pro
1535 3877 1722 3925 studeat
1742 3874 1930 3938 legeris
1950 3873 2190 3931 studeant,
2213 3869 2373 3919 verba
2393 3868 2454 3917 In
2473 3868 2550 3916 his
2569 3867 2758 3941 inepta·

556 3934 833 3988 videntur?
897 3936 1046 3986 Idem
1078 3945 1302 3986 testatur
1331 3953 1385 3988 se
1418 3942 1470 3987 iu
1492 3946 1712 4003 quatuor
1730 3937 1989 3988 Prisciani
2013 3934 2397 3998 exemplaribus
2421 3935 2643 3981 studeant
2667 3944 2744 3979 re-

555 3999 769 4059 perisse.
833 4001 1034 4049 Probat
1068 4002 1435 4052 Ruhnken—3
1485 4004 1587 4051 Hic
1612 4003 1763 4052 abest
1800 4002 1904 4051 Gu.
1943 4008 1990 4050 1.
2037 3997 2174 4062 quod
2220 3997 2492 4046 sententiae
2536 3994 2745 4070 quidem

554 4074 713 4109 causa
731 4059 885 4110 facile
905 4063 1150 4125 feramus,
1169 4072 1228 4113 ut
1247 4065 1365 4114 alibi
1391 4067 1444 4114 in
1465 4069 1708 4129 prologis,
1727 4066 1830 4114 nisi
1851 4063 2167 4126 respondere
2192 4061 2288 4110 sibi
2314 4060 2558 4109 videntur
2580 4060 2661 4106 hic
2692 4063 2748 4102 et

554 4123 646 4172 his.
666 4124 917 4173 Both.——5
939 4126 1204 4174 Existimet
1227 4143 1339 4187 esse,
1356 4129 1424 4180 sic
1455 4130 1720 4191 existimet]
1750 4131 1991 4180 Donatus
2011 4126 2215 4181 videtur
2238 4124 2424 4187 legisse
2451 4123 2746 4177 Existunt,

549 4200 648 4249 pro
669 4187 1013 4241 Existimavit:
1047 4189 1138 4239 sed
1162 4205 1265 4240 non
1283 4199 1389 4240 stat
1415 4205 1626 4244 versus:
1657 4193 1791 4242 liber
1815 4204 1938 4240 vero
1969 4192 2119 4242 Bem.
2158 4195 2215 4236 et
2238 4190 2367 4249 Eug.
2408 4185 2461 4233 in
2484 4184 2621 4232 hunc
2635 4196 2746 4231 mo·
