3050 4942
787 389 1154 441 namneus
1200 375 1496 443 nnn-(sn
1548 379 2065 445 nissen-urio.
2438 379 2526 444 95

335 537 561 599 scholis
577 533 894 616 loquimur,
943 538 1219 598 essentia.
1308 540 1459 599 Cum
1490 537 1740 599 Plautus
1770 558 1930 619 saepe
1958 540 2228 620 Tragico,
2258 560 2529 601 nonnun-

329 653 504 716 quam
534 651 774 712 quoque
801 633 974 705 serie,
1023 644 1244 696 utatur.
1315 637 1671 714 Quanquam
1700 636 1780 695 ibi
1818 655 1962 695 sane
1992 656 2203 709 sermo,
2241 647 2310 697 ut
2336 640 2525 718 priore

331 733 463 794 loco
512 750 551 791 a
596 731 862 790 Varrone
908 732 1212 812 accipitur.
1305 733 1508 793 Sermo
1559 733 1714 791 enim
1742 743 1804 793 et
1848 734 1912 794 τὸ
1939 732 2068 805 ἦθος
2112 733 2410 807 differunt,
2463 748 2532 796 ut

330 829 507 889 homo
535 825 1051 906 prudentissimus,
1080 838 1137 888 et
1168 828 1408 888 foemina
1427 848 1560 907 quae
1581 849 1724 908 pure
1751 828 2012 907 loquitur
2036 849 2053 898 ς
2095 831 2287 908 qualis
2318 832 2532 894 dicitur

335 924 740 988 Gracchorum
796 934 1003 985 mater.
1088 925 1580 1006 Unumquemque
1637 927 1793 985 enim
1846 919 2006 986 rec'te
2071 930 2414 1008 exprimere,
2471 941 2534 991 et

332 1024 651 1083 humanam
699 1023 917 1101 optime
967 1020 1264 1081 delineare
1303 1022 1505 1096 vitam,
1554 1042 1815 1081 summus
1863 1032 2041 1103 atque
2091 1035 2386 1086 extremus
2429 1019 2536 1086 vir'i

336 1131 512 1199 atque
537 1111 798 1181 auctoris
828 1118 1065 1178 maximi
1096 1127 1347 1178 conatus
1376 1127 1489 1179 est.
1577 1119 1764 1179 Recte
1787 1118 2167 1181 Grammatici
2196 1121 2273 1181 ad
2303 1122 2534 1202 Sopho-

335 1217 486 1278 clem
512 1237 528 1276 :
558 1218 728 1277 ’Ἐστι
756 1215 819 1276 δὲ
846 1228 1009 1276 τοῦτο
1033 1220 1309 1292 μέγιστον
1336 1216 1400 1274 ἐν
1429 1221 1704 1298 ποιητικῇ,
1727 1215 1932 1289 δηλοῦν
1961 1217 2125 1290 zoes:
2159 1227 2175 1253 ⁶
2201 1219 2311 1278 Est
2338 1231 2535 1280 autem

319 1314 484 1375 “illud
513 1313 835 1373 maximum
864 1314 924 1372 in
969 1312 1232 1385 Poetice,
1273 1313 1595 1390 exprimere
1616 1313 1838 1374 -etbOS.'
1905 1314 2179 1375 Debebat
2211 1311 2535 1389 addidisse,

336 1410 395 1469 in
452 1412 796 1471 Dramatica
840 1411 1187 1489 praesertim.
1270 1410 1348 1468 Et
1386 1410 1670 1470 Horatius
1719 1421 1839 1471 tam
1867 1412 2067 1473 multis
2094 1413 2276 1473 vitam
2302 1414 2539 1492 Tragoe-

331 1504 452 1565 ‹15ae
484 1507 548 1567 τὸ
576 1506 703 1579 ἦθος
730 1526 863 1567 esse
894 1506 1118 1566 docuit.
1201 1506 1552 1568 Aristoteles
1578 1527 1737 1581 ver0,
1759 1507 1935 1569 etiam
1957 1509 2018 1568 in
2040 1508 2372 1588 Tragoedia‚
2401 1520 2540 1590 post

336 1605 877 1683 Actionerrn(quam
902 1602 1186 1664 Fabulam
1208 1603 1555 1683 plerumque
1573 1606 1795 1681 vocat,)
1817 1626 1953 1685 quae
1970 1607 2246 1668 essentiae
2262 1625 2400 1686 pars
2422 1610 2538 1686 pri-

337 1721 453 1775 ma,
470 1712 700 1782 partem
722 1702 1000 1762 essentiae
1017 1700 1346 1761 secundam
1365 1701 1678 1762 constituit
1692 1703 1754 1762 τὸ
1781 1700 1930 1775 ἦθος.
1965 1702 2184 1762 Mirum
2206 1712 2301 1766 est
2318 1714 2538 1777 autem,

337 1800 533 1860 locum
553 1798 832 1859 Varronis
853 1819 889 1859 a
905 1800 1140 1862 nemine
1160 1797 1550 1859 intellectum.
1585 1795 1853 1866 Quicum
1872 1798 2128 1878 palmam
2151 1799 2212 1858 in
2234 1819 2541 1880 argumen-

337 1897 414 1957 tis
457 1895 705 1957 Caecilio
749 1895 1049 1970 concedit,
1087 1896 1412 1976 principem
1454 1895 1778 1966 Comoedias
1823 1895 1987 1958 haud
2027 1897 2206 1958 dubio
2236 1897 2542 1958 Caecilium

339 1994 668 2054 constituit.
740 1989 982 2062 Quare?
1032 1995 1178 2054 Pars
1230 1994 1562 2073 Tragoedias
1609 1994 1908 2075 praecipua
1959 2003 2055 2055 est
2092 1995 2541 2075 Argumentum.

339 2091 690 2151 Aristoteles
740 2090 919 2150 modo
970 2095 1170 2171 μῦθον,
1222 2090 1401 2151 modo
1449 2101 1560 2151 τῶν
1607 2092 1959 2171 πραγμάτων
1999 2091 2286 2163 σύνθεσιν,
2329 2110 2542 2152 vocare

341 2189 514 2249 solet.
595 2188 712 2257 Qui
739 2198 802 2248 et
826 2187 1027 2247 multis
1058 2188 1289 2265 probat,
1335 2206 1494 2257 eum,
1545 2187 1643 2266 qui
1687 2187 1800 2247 hac
1828 2197 1995 2267 parte
2031 2186 2284 2261 excellit,
2310 2187 2545 2248 etiamsi

341 2281 556 2345 ceteris
583 2282 955 2355 destituatur,
982 2282 1385 2343 Dramaticnm
1413 2282 1661 2343 Poetam
1691 2283 1808 2343 dici
1832 2303 2031 2364 posse.
2102 2282 2251 2344 Pars
2281 2284 2547 2348 secunda

344 2390 435 2440 est
460 2381 527 2440 τὸ
555 2379 706 2455 ἦθος,
732 2379 892 2458 quod
913 2399 1049 2440 cum
1076 2379 1353 2440 Terentio
1373 2380 1644 2460 assignat
1664 2380 2086 2454 Varr0,locum
2106 2380 2192 2441 illi
2214 2380 2544 2461 proximum
2640 2399 2643 2408 ¹

341 2476 640 2538 concedit.
728 2475 907 2546 Quod
934 2494 1054 2536 non
1094 2485 1295 2556 potest
1343 2476 1636 2555 ignorare,
1678 2476 1782 2556 qui
1828 2478 2103 2556 antiquos
2132 2477 2410 2550 criticos,
2459 2477 2549 2536 in-

343 2574 547 2653 primis
576 2584 773 2634 ante-m
800 2572 1201 2646 Aristotelem,
1230 2591 1365 2631 cum
1413 2592 1556 2632 cura
1582 2572 1730 2652 legit
1768 2592 1839 2633 ac
1866 2572 2161 2652 intelligit.
2246 2574 2545 2634 Sermonis

345 2671 506 2730 enim
547 2670 702 2743 laus,
728 2689 907 2749 quam
936 2669 1152 2730 Plauto
1183 2670 1356 2729 tribui
1401 2670 1477 2728 ab
1506 2688 1579 2729 eo
1605 2670 1838 2743 volunt,
1861 2679 2093 2731 tantum
2121 2671 2293 2730 abest
2317 2680 2386 2729 ut
2412 2688 2549 2730 cum
2580 2713 2593 2718 -

347 2766 591 2846 reliquis
620 2766 872 2826 conferri
914 2766 1125 2845 possit,
1173 2775 1241 2825 ut
1286 2774 1586 2843 postremo
1635 2764 1790 2836 loco,
1821 2774 1882 2824 et
1927 2774 2069 2844 post
2113 2755 2218 2836 ἰὴν
2264 2764 2551 2839 διάνοιαν,

349 2873 628 2942 ponatur.
695 2864 891 2933 Quare
919 2881 994 2921 ex
1023 2860 1319 2922 sententia
1340 2859 1639 2933 Varronis,
1662 2860 1762 2940 qui
1783 2860 1881 2920 hic
1912 2860 2287 2923 Aristotelem
2312 2880 2553 2940 expres-

351 2961 448 3033 sit,
498 2959 723 3039 primus
778 2970 871 3020 est
924 2959 1227 3029 Caecilius,
1255 2957 1576 3027 ,secundus
1622 2968 1717 3019 est
1761 2958 2106 3020 Terentius:
2151 2977 2301 3037 quos
2333 2957 2549 3020 deinde

350 3055 604 3117 Plautus
635 3058 916 3136 sequitur.
985 3056 1164 3123 Quod
1188 3055 1445 3115 debebat
1469 3053 1767 3134 cogitasse
1792 3055 1960 3114 Siren
1985 3054 2095 3113 aevi
2125 3054 2311 3118 nostri
2336 3055 2374 3115 J
2380 3065 2549 3116 ustus

355 3154 590 3233 Lipsius
616 3173 630 3213 :
677 3153 778 3233 qui
806 3153 1072 3234 profecto
1099 3152 1296 3211 locum
1317 3150 1533 3210 summi
1563 3150 1967 3212 Romanorum
1990 3150 2195 3214 Critici
2223 3171 2342 3212 non
2368 3171 2550 3232 pene-

352 3251 547 3312 travit.
632 3252 724 3311 Τὸ
750 3250 879 3323 ἦθος
907 3261 1104 3311 autem
1142 3249 1358 3309 Plauto
1382 3247 1666 3308 Horatius
1695 3247 2014 3327 abjudicat,
2036 3268 2171 3309 cum
2198 3248 2423 3329 inquit:

1309 3346 1528 3426 Aspice
1552 3345 1803 3407 Plautus

683 3445 818 3514 Quo
844 3454 1020 3525 paeto
1047 3454 1244 3524 partes
1273 3451 1496 3505 tutetur
1523 3443 1774 3505 amantis
1796 3443 2032 3522 ephebi.

358 3541 434 3600 Et
456 3540 694 3601 videtur
721 3539 1045 3600 Charinum
1070 3539 1349 3599 habuisse
1379 3540 1439 3598 in
1467 3538 1685 3613 animo,
1712 3540 1816 3620 qui
1846 3540 2174 3606 Mercatore
2217 3539 2281 3601 τὸ
2312 3543 2554 3620 μανικὸν

353 3641 452 3698 καὶ
475 3639 541 3699 τὸ
570 3638 831 3717 ἐρωτικὸν
857 3635 1168 3697 confundit
1193 3635 1342 3708 ἦθος,
1386 3636 1502 3697 hoc
1550 3646 1663 3710 est,
1706 3637 1795 3696 ita
1831 3646 2013 3710 amat,
2052 3646 2121 3698 ut
2145 3636 2553 3701 Menaechmus

355 3733 515 3794 furit.
602 3733 815 3796 Furere
842 3743 1038 3794 autern
1070 3753 1192 3813 prae
1221 3753 1438 3808 amore,
1485 3732 1811 3793 Comoedias
1839 3753 1959 3793 non
1987 3731 2135 3806 ἦθος,
2176 3731 2283 3792 sed
2311 3732 2554 3811 Tragoe-
2642 3737 2649 3748 ”

357 3830 472 3890 diae
498 3839 597 3891 est
623 3834 833 3892 πάθοςε
877 3840 946 3892 ut
973 3851 1045 3890 ex
1074 3830 1352 3891 Phaedria
1379 3829 1627 3909 aliisque
1663 3840 1852 3910 patet.
1938 3829 2178 3898 Quare?
2218 3829 2358 3909 quia
2383 3832 2555 3890 πάθος

361 3928 606 4008 aliquod
634 3928 883 3988 immane
914 3939 1275 4008 expectatur.
1330 3926 1508 3998 Quod
1537 3926 1909 4007 Tragoediam
1937 3926 2264 4001 constituit,
2292 3936 2359 3986 ut
2382 3931 2554 4004 μετά-

361 4023 533 4099 βασις
558 4025 877 4087 conveniat
902 4026 1137 4086 furenti.
1220 4025 1340 4085 Sed
1390 4025 1520 4090 haec
1567 4024 1824 4085 triviales
1872 4043 1993 4085 non
2040 4025 2373 4105 intelligunt
2397 4043 2411 4083 :
2453 4022 2556 4102 qui

359 4141 659 4182 summum
685 4121 888 4182 Virum
913 4122 1288 4183 Aristotelem
1325 4132 1447 4182 tam
1491 4121 1663 4182 facile
1707 4129 2114 4197 contemnunt,
2157 4139 2330 4204 quam
2358 4140 2466 4180 nos
2496 4129 2557 4179 et

356 4217 585 4298 judicia
611 4219 839 4282 illorum
866 4230 927 4281 et
952 4220 1267 4300 magistros
1314 4219 1522 4280 merito
1562 4219 2012 4300 contemnimus,
2054 4220 2267 4300 quibus
2311 4235 2553 4297 persua·
