3050 4942
520 361 651 426 144
1132 372 1404 423 'unius
1450 371 1712 422 cisun
1760 373 2132 422 scatron

521 517 1015 598 pronuntiatione.
1094 514 1188 575 Ad
1217 513 1371 589 haec,
1400 516 1451 576 si
1479 513 1739 576 omniurn
1769 515 2201 578 morosissimus
2248 536 2376 597 pes,
2424 536 2496 578 ac
2539 535 2709 598 paene

521 617 702 688 ferus,
731 613 1120 695 ἀντιβακχίος,
1145 614 1205 673 in
1232 612 1533 673 heroicum
1564 627 1834 695 receptus
1863 625 1957 676 est
1984 614 2142 694 apud
2171 615 2531 681 Homerum:
2578 611 2713 676 cum

523 707 868 790 Αἰγύπτιον,
895 726 955 772 et
982 711 1312 790 ἀνδροτῆτα,
1346 712 1490 772 facit
1515 728 1583 773 ut
1610 711 1911 793 dactylum
1942 712 2288 793 primoribus
2318 712 2562 792 syllabis
2591 723 2717 773 arn-⁴

521 812 874 891 plectantur,
932 809 1099 868 nulla
1146 828 1332 868 causa
1375 819 1487 882 est,
1530 808 1671 888 quin
1720 809 1979 869 rationes
2025 807 2201 869 etiam
2266 810 2716 871 auctoritatibus

522 907 844 968 fulciantur
868 927 884 966 :
927 926 1077 987 quas
1106 906 1387 965 Erasmus
1418 905 1468 965 si
1495 904 1837 984 diligentius
1861 906 2278 979 recensuisset,
2307 926 2426 966 non
2455 916 2718 967 transtu·
2823 945 2830 951 -

522 1004 691 1064 iisset
715 1004 1212 1084 praepositionem,
1262 1001 1407 1075 ‘ex,’
1446 1003 1507 1062 in
1541 1002 1813 1063 Eunuchi
1861 1004 2152 1084 prologo:
2203 1003 2309 1078 sic,
2350 1010 2369 1039 ‘
2400 1003 2517 1072 Qui
2564 1007 2719 1066 bene

522 1102 830 1188 rettendO,
873 1111 935 1162 et
959 1121 1061 1161 eas
1091 1099 1481 1162 describendo
1508 1099 1684 1174 male,
1714 1119 1789 1162 ex
1819 1101 2051 1162 Graecis
2072 1101 2267 1175 bonis,
2313 1101 2553 1162 Latinas
2581 1102 2726 1162 fecit

526 1220 647 1260 non
674 1198 909 1259 bonas.’
988 1198 1165 1268 Quod
1193 1196 1468 1278 equidem
1496 1210 1566 1257 ut
1610 1217 1731 1258 non
1780 1199 2069 1279 improb0‚
2117 1200 2202 1260 ita
2248 1199 2558 1260 consilium
2602 1218 2728 1259 non

526 1296 729 1368 laud0‚
775 1316 894 1376 quo
923 1295 1218 1357 adductus
1241 1307 1353 1370 est,
1380 1307 1449 1357 ut
1468 1297 1528 1357 id
1558 1296 1800 1370 faceret,
1821 1298 1900 1357 ob
1921 1297 2377 1378 amphimacrum
2394 1296 2727 1357 vitandum.

527 1396 629 1467 At,
679 1395 730 1454 si
775 1394 870 1453 hi·
911 1394 1236 1454 ratio-nibus
1265 1397 1385 1454 non'
1416 1394 1780 1474 acquiescat,
1808 1394 2092 1476 exemplis
2121 1395 2329 1455 saltem
2358 1392 2598 1454 credere
2626 1411 2730 1453 co-

528 1501 739 1573 gatur:
782 1511 917 1572 quae
963 1511 1303 1573 quanquam
1346 1492 1635 1553 habebam
1682 1513 1855 1575 paene
1905 1492 2155 1576 infinita,
2200 1504 2397 1551 tamen
2440 1500 2501 1552 et
2540 1491 2735 1549 multa

528 1591 719 1663 omisi,
746 1590 805 1649 in
836 1590 1049 1669 quibus
1076 1599 1326 1671 possent
1342 1587 1755 1669 tergiversari:
1784 1599 1846 1649 et
1872 1587 1989 1649 alia
2009 1590 2178 1648 firma
2204 1607 2375 1667 paene
2401 1585 2733 1660 innumera,

528 1708 605 1772 ne
632 1687 874 1747 taedium
903 1698 1196 1766 parerent.
1279 1686 1497 1747 Paucis
1542 1687 1722 1767 igitur
1766 1686 2032 1748 contenti
2075 1687 2281 1746 simus.
2364 1685 2452 1743 Ex
2494 1684 2736 1766 Hecyra

529 1784 708 1863 igitur
749 1803 884 1845 cum
933 1784 1078 1845 illud
1129 1803 1440 1862 possemus
1487 1781 1826 1845 adducere:
1869 1790 1886 1819 ‘
1912 1801 2044 1844 eam
2088 1782 2488 1843 calamitatem
2533 1792 2737 1842 vestra

529 1881 920 1961 intelligentia
939 1881 977 1941 :'
1017 1880 1457 1960 supersedimus
1502 1879 1734 1941 duabus
1781 1880 1856 1940 de
1903 1879 2102 1940 causis
2127 1900 2144 1940 τ
2190 1880 2471 1958 quoniam
2515 1889 2578 1939 et
2620 1878 2737 1959 ipsi

531 1977 814 2056 liquidam
844 1997 962 2038 non
995 1978 1306 2057 geminant
1327 1977 1387 2036 in
1416 1986 1719 2059 postrema
1761 1977 2057 2037 dictione:
2101 1987 2163 2037 et
2205 1993 2340 2049 nos,
2384 1995 2737 2055 pronomen,

531 2075 691 2154 quod
731 2075 918 2155 primo
947 2075 1080 2134 loco
1108 2073 1366 2153 positum
1410 2083 1525 2146 est,
1571 2074 2046 2154 monosyllabum
2086 2072 2508 2153 agnoscimus:
2552 2092 2738 2152 quare

533 2171 843 2231 audiamus
873 2191 946 2231 ex
975 2170 1285 2231 Asinaria:
1329 2177 1345 2205 ‘
1373 2171 1548 2231 Forte
1576 2171 1627 2229 si
1657 2170 1868 2230 tussire
1897 2172 2205 2253 occoepsit,
2248 2191 2326 2232 ne
2370 2170 2456 2231 sic
2482 2170 2743 2231 tussiat!

531 2267 690 2328 Puto
733 2279 930 2328 autem
980 2267 1067 2327 sic
1115 2266 1432 2347 legendum
1478 2267 1866 2348 praecipient:
1908 2264 2060 2328 Fors
2101 2270 2157 2328 si
2199 2269 2428 2328 tussire.
2512 2264 2671 2327 Nam
2700 2267 2742 2326 ii

531 2365 722 2445 magis
751 2375 925 2425 erunt
941 2364 1190 2434 ferendi,
1210 2384 1392 2445 quam
1411 2366 1512 2446 qui
1543 2366 1836 2446 putabunt
1861 2364 2360 2445 conjunctionem,
2389 2364 2461 2438 si,
2485 2362 2738 2444 corripi:

530 2472 599 2520 ut
622 2462 706 2534 in,
732 2460 867 2530 nisi,
889 2472 958 2527 ,et
999 2459 1082 2534 in,
1127 2460 1440 2539 siquidem.
1519 2460 1722 2529 Quare
1767 2462 1886 2522 alia
1926 2479 2282 2541 quaeramus.
2367 2461 2457 2519 Ex
2485 2460 2735 2539 Gurg-u·-

532 2559 727 2619 lione:
759 2563 776 2592 ‘
803 2558 942 2617 Sitit
968 2555 1099 2618 haec
1129 2575 1301 2632 auus,
1331 2559 1690 2639 quantillum
1718 2558 1875 2627 sitit:
1905 2557 2140 2618 modica
2167 2567 2299 2626 est:
2328 2556 2524 2637 capit!
2587 2558 2745 2616 Item

533 2655 595 2714 in
623 2654 713 2715 his
744 2654 997 2728 duobus,
1026 2655 1236 2716 binos:
1280 2662 1297 2691 ‘
1324 2655 1616 2717 Pervelim
1645 2656 1978 2736 sepultam:
2025 2654 2135 2716 sed
2158 2675 2339 2734 quom
2367 2654 2562 2714 adhuc
2590 2669 2743 2715 naso

517 2752 688 2816 odos
716 2752 891 2813 meo!
970 2759 987 2788 ‘
1015 2753 1301 2816 Sedatum
1341 2764 1442 2815 te:
1487 2771 1667 2834 quam
1712 2753 1893 2833 longe
1936 2772 1973 2813 a
2011 2772 2106 2812 me
2135 2754 2344 2813 abest:
2386 2752 2583 2812 lumen
2625 2751 2744 2811 hec

536 2850 716 2910 videl
796 2839 1123 2911 Videamus
1154 2851 1308 2912 alios
1332 2852 1575 2924 multos»,
1622 2853 1683 2911 in
1712 2851 1963 2912 eadem:
2010 2857 2028 2886 ⁸
2051 2850 2171 2911 Sed
2201 2848 2573 2929 grandiorem
2605 2863 2743 2928 gra²

538 2946 681 3006 dum
710 2965 853 3026 ergo
881 2948 1084 3007 facad
1113 2965 1206 3008 me
1235 2948 1523 3009 obsecro!
1587 2948 1723 3021 Ubi,
1752 2949 1870 3021 fac,
1899 2948 2144 3027 longum
2174 2957 2270 3007 est
2299 2958 2510 3006 contra
2537 2963 2745 3006 reeen-

538 3040 739 3101 tiores.
798 3050 816 3076 ‘
841 3042 1018 3103 Salve
1045 3061 1234 3103 anus:
1271 3041 1445 3120 egon'
1473 3044 1643 3104 salva
1670 3044 1802 3117 sim,
1829 3065 1967 3125 quae
1996 3041 2158 3104 sicca
2183 3062 2314 3104 sum
2343 3039 2489 3103 siti?
2527 3041 2747 3103 Jamue

537 3155 652 3215 ego
694 3137 833 3197 huic
881 3136 1066 3198 dico?
1107 3137 1252 3216 quid
1293 3137 1503 3198 dices?
1544 3158 1640 3200 me
1666 3139 1933 3219 periisse,
1962 3139 2115 3219 age!
2195 3141 2344 3200 Item
2371 3159 2445 3199 ex
2473 3138 2742 3199 Andria:

540 3240 555 3267 ⁴
581 3233 721 3292 Sive
758 3231 874 3291 ista
899 3249 1070 3302 uxor,
1118 3233 1244 3292 sive
1267 3234 1455 3293 amica
1480 3243 1594 3307 est,
1641 3234 1886 3315 gravida
1912 3256 1945 3296 e
1991 3235 2305 3316 Pamphilo
2329 3234 2462 3296 est.’
2543 3234 2682 3303 Quo
2710 3251 2745 3293 e

542 3347 714 3388 versu
742 3339 814 3389 ut
856 3328 1136 3389 creticum
1177 3330 1431 3403 tolleret,
1474 3350 1599 3391 non
1639 3332 1858 3392 veritus
1887 3342 1980 3393 est
2005 3334 2297 3394 universae
2325 3330 2608 3393 orationis
2638 3328 2747 3389 de·
2818 3401 2831 3418 ἱ

540 3425 774 3485 trahere
822 3423 1267 3487 ornamentum:
1308 3445 1635 3507 pronomen
1676 3429 1825 3489 illud
1873 3429 2118 3504 scilicet,
2158 3428 2320 3509 quod
2368 3429 2429 3488 in
2475 3425 2745 3487 secunde

541 3522 677 3583 loco
705 3523 908 3583 statim
948 3522 1182 3603 legitur.
1265 3524 1593 3591 Videamus
1636 3541 1781 3605 ergo
1829 3527 2007 3586 etiam
2053 3545 2128 3587 ex
2173 3511 2503 3587 Eunucho:
2548 3529 2571 3559 ‘
2590 3523 2744 3591 Quoe

540 3637 675 3681 eum
704 3630 970 3681 amatore
996 3639 1108 3680 suo
1133 3640 1270 3681 cum
1297 3632 1541 3683 coenant
1565 3623 1891 3703 liguriunt!
1972 3624 2129 3684 Nam
2153 3623 2250 3685 hic
2277 3641 2395 3682 non
2424 3635 2745 3701 possumus

541 3717 822 3798 effugere,
863 3716 1006 3796 quin
1036 3727 1141 3778 aut
1166 3719 1356 3798 prima
1382 3719 1443 3778 in
1473 3719 1619 3780 sede
1643 3720 1897 3780 creticus
1929 3719 2027 3792 sit,
2053 3730 2158 3780 aut
2188 3721 2251 3779 in
2288 3718 2538 3800 quinta:
2581 3731 2743 3788 nam,

542 3816 593 3874 si
622 3813 947 3875 secundam
972 3831 1179 3875 vocem
1205 3834 1326 3875 non
1353 3814 1628 3888 collidas,
1651 3813 1760 3875 sed
1785 3816 2075 3894 integram
2099 3817 2399 3896 relinquas
2427 3816 2493 3875 in
2515 3814 2744 3874 diruen-

544 3910 745 3970 sione:
777 3910 930 3968 sicut
956 3905 1290 3989 frequenter
1310 3913 1398 3985 fit,
1418 3923 1481 3971 et
1507 3911 1756 3971 Plautus
1778 3912 1967 3971 voluit
1988 3911 2099 3971 sibi
2124 3911 2298 3971 licere
2321 3910 2383 3969 in
2404 3908 2743 3970 Pseudulo:

543 4009 561 4038 ‘
588 4005 653 4063 Si
682 4003 759 4064 de
785 4004 1092 4066 damnosis
1118 4008 1294 4082 natis,
1324 4018 1430 4068 aut
1457 4007 1534 4067 de
1563 4007 1922 4069 amatoribus
1942 4008 1979 4069 :'
2003 4009 2258 4069 metiens
2288 4008 2366 4068 sit
2389 4005 2744 4067 inevitabilis

545 4100 607 4157 in
635 4093 864 4179 quinta.
951 4101 1105 4162 Nam
1132 4105 1321 4182 prima
1349 4104 1580 4184 syllaba
1604 4097 1858 4177 natura,
1903 4121 2023 4165 non
2067 4104 2362 4183 positione
2403 4103 2588 4181 longa
2629 4108 2742 4161 est.

551 4192 804 4255 Coenare
829 4196 985 4256 enim
1010 4199 1266 4260 mediam
1288 4210 1500 4261 natura
1521 4198 1816 4279 producit.
1896 4201 2003 4260 Sin
2023 4199 2294 4272 collidas,
2312 4198 2438 4278 jam
2467 4198 2528 4258 in
2555 4198 2745 4278 prima
