3050 4942
2383 346 2513 412 257

314 507 543 573 cilium
572 507 863 573 sortasse
891 504 1245 572 comicum.
1335 505 1564 572 Unum
1592 524 1751 571 vero
1800 511 1909 572 est
1952 524 2163 588 genus
2206 504 2514 589 perfecti,

312 630 356 674 a
385 631 521 694 quo
550 611 669 695 qui
698 611 964 690 absunt,
1010 629 1243 693 genere
1274 610 1607 687 differunt,
1651 614 1727 674 ut
1772 609 1861 674 ab
1890 606 2107 674 Accio
2135 609 2512 689 TerentiuS,

312 712 432 777 sed
463 715 532 778 in
558 712 791 778 eodem
819 732 950 778 non
975 713 1133 778 sunt
1162 731 1385 798 pares.

1259 860 1349 928 Et
1374 862 1569 930 infra.

399 984 617 1049 Iidem
645 988 712 1049 et
745 981 1066 1050 Andriam
1112 987 1181 1047 et
1209 981 1669 1067 Synephebos,
1712 1002 1840 1048 nec
1868 983 2090 1048 minus
2118 984 2514 1050 Terentium

307 1095 374 1155 et
422 1086 795 1164 Gaecilium,
840 1106 1042 1169 quam
1093 1083 1541 1151 Menandrum
1586 1086 1829 1168 legunt,
1918 1084 2126 1165 Quod
2169 1091 2271 1152 est
2313 1087 2515 1171 igitur

308 1210 538 1256 eorum
567 1191 633 1254 in
664 1190 1074 1255 orationibus
1104 1208 1142 1253 e
1170 1187 1422 1253 Graeco
1468 1187 1812 1253 conversis
1855 1188 2225 1268 fastidium,
2256 1190 2511 1255 nullum

306 1310 460 1359 cum
493 1293 588 1357 sit
617 1292 687 1356 in
719 1292 1025 1360 versibus
1050 1292 1082 1355 ‘l

890 1443 1040 1510 Lib.
1079 1461 1211 1510 vn.
1244 1445 1465 1531 Epist.
1493 1444 1559 1510 3.
1592 1446 1679 1513 ad
1711 1445 1923 1513 Attic.

379 1570 682 1658 ⁴Secutus
720 1589 895 1650 sum,
937 1589 1069 1636 non
1113 1571 1272 1638 dico
1303 1571 1679 1653 Caecilium,
1727 1574 1935 1639 Mane
1982 1581 2058 1639 ut
2086 1593 2175 1639 ex
2204 1578 2404 1657 portu
2445 1577 2512 1643 in

224 1761 229 1765 ι
307 1665 965 1760 Piraeeum,'(malus
995 1675 1177 1739 enim
1226 1682 1464 1742 auctor
1504 1677 1867 1743 latinitatis
1897 1673 2073 1760 ‘est',)
2118 1674 2238 1739 sed
2266 1674 2515 1740 Teren-³

303 1776 502 1854 tium,
529 1777 722 1860 cujus
751 1777 1075 1855 Fabellae,
1107 1783 1378 1862 propter
1405 1778 1804 1862 elegantiam
1832 1779 2165 1843 sermonis
2183 1779 2512 1861 putaban-

305 1888 420 1944 tur
450 1900 496 1944 a
515 1878 594 1943 C.
617 1879 838 1947 Laelio
869 1879 1111 1946 scribi:
1157 1880 1330 1946 Heri
1359 1881 1619 1964 aliquot
1642 1880 2123 1949 adolescentuli
2152 1880 2413 1947 coimus
2440 1875 2512 1946 in

305 1980 671 2048 Piraeeum.
2269 1983 2274 1989 ’

1148 362 1248 410 DE
1294 358 1699 412 TEREN‘NO.

1231 2093 1313 2159 In
1347 2093 1587 2160 Laelio.

394 2210 481 2276 In
510 2208 770 2276 Andria
798 2208 1149 2277 familiaris
1175 2231 1363 2277 meus
1392 2212 1748 2278 Terentius
1778 2205 1969 2277 dixit.

304 2393 621 2458 permiseris.
674 2395 1168 2463 Etexcogitsndum
1192 2403 1371 2448 tamen

307 2471 504 2536 aliquid
524 2470 645 2534 fuit,
665 2487 731 2522 ne
755 2473 868 2523 sine
890 2474 1088 2525 ratione
1110 2475 1373 2525 videretur

305 2546 580 2611 disputari.
647 2549 663 2577 ‘
687 2548 950 2611 Quando:
994 2550 1166 2616 iuquit
1207 2551 1370 2601 Scali-

303 2636 414 2687 ger,
446 2624 463 2651 ‘
482 2637 564 2673 res
586 2638 650 2674 eo
672 2624 930 2688 perducta
960 2633 1060 2682 est,
1094 2633 1155 2674 nt
1191 2640 1285 2675 nos
1318 2625 1370 2673 in

303 2699 482 2764 lingua
504 2700 697 2764 patria,
725 2701 823 2751 boc
857 2709 956 2765 est,
988 2703 1175 2752 Latina
1207 2703 1367 2752 simus

303 2777 590 2841 peregrini,
630 2792 785 2841 quarn
830 2792 897 2826 ex
941 2776 1237 2827 nitidissimi
1281 2791 1367 2826 cu·

293 2853 486 2918 jusque
529 2855 759 2904 auctoris
789 2854 1036 2919 operibus
1077 2853 1368 2903 emendica-

302 2935 430 2993 tam,
452 2930 518 2979 nd
552 2944 633 2993 ea,
653 2944 771 2994 quae
797 2931 1065 2995 sentimus,
1084 2930 1370 2995 applicare·

302 3020 448 3068 mus3
482 3013 641 3070 atque
663 3007 716 3055 in
739 3021 804 3057 es
820 3008 1145 3058 Terentianae
1169 3006 1368 3056 mundi-

301 3082 389 3134 tioe
405 3082 639 3147 potiores
659 3091 838 3133 essent
859 3084 1056 3133 salibus
1068 3082 1362 3135 Plautinis:

302 3166 555 3224 quantum
596 3166 816 3223 propter
853 3160 1009 3209 animi
1043 3161 1361 3224 voluptatem

301 3234 601 3285 tribuerunt
623 3235 815 3285 Plauto
831 3235 1022 3298 Prisci,
1055 3242 1257 3286 tantum
1289 3252 1359 3286 ω·

299 3315 382 3360 tas
419 3315 598 3359 nostra
620 3309 688 3360 ob
709 3309 901 3375 linguae
925 3311 1123 3362 Latinae
1145 3313 1361 3377 cultum,

295 3385 564 3435 Terentio.
604 3384 703 3435 Ille
724 3384 882 3448 igitur
902 3385 1107 3436 illorum
1131 3386 1363 3436 secunda

296 3460 511 3513 fortuna
524 3460 911 3512 commendatus
932 3479 946 3513 ι
985 3462 1068 3512 hic
1085 3468 1262 3513 nostra
1273 3463 1367 3512 mi·

300 3539 441 3589 seria
462 3554 678 3604 magnus
700 3538 867 3590 factus
888 3547 985 3592 est.
1051 3540 1188 3590 Nam
1222 3539 1365 3605 eqni-

300 3614 423 3664 dem
466 3615 711 3664 Plautum
746 3620 807 3665 ιιι
845 3614 1131 3677 comicum,
1172 3614 1366 3664 Teren-

297 3689 430 3740 tium
473 3694 537 3740 nt
576 3689 865 3740 locutorem
909 3689 1237 3740 admirabor!
1301 3689 1359 3739 Si

296 3763 508 3816 miserit
543 3765 763 3832 junioris
805 3767 905 3817 oevi
948 3780 1155 3817 causam
1209 3764 1360 3817 dedit

298 3840 598 3907 ἅμαρτήμοτι
653 3844 861 3907 κριτικξὸ,
911 3841 1036 3907 quid
1069 3856 1194 3906 ergo
1237 3846 1359 3891 unte

297 3922 378 3967 tot
396 3917 587 3970 secula
608 3917 885 3968 Horatium
906 3918 1088 3981 movit,
1108 3925 1167 3967 ιιι
1195 3919 1362 3970 stulti-

298 3993 388 4044 tiae
401 3995 693 4058 postularet
703 4007 816 4057 eos,
837 3993 924 4058 qui
943 3995 1074 4044 seles
1095 3994 1363 4045 Plautinos

304 4071 367 4137 sd
387 4071 738 4123 urbanitatem
755 4079 813 4122 et
826 4072 1056 4136 leporem
1075 4069 1364 4124 referrent?

303 4155 361 4196 ιιι
383 4162 487 4197 ιιοιι
513 4147 720 4212 phrasin
745 4148 909 4213 magis
930 4147 1190 4209 Terentii,
1213 4160 1364 4213 quam

303 4223 435 4274 sales
460 4231 520 4274 et
539 4226 745 4290 lepores
779 4231 924 4276 tanto
953 4224 1126 4276 studio
1157 4238 1367 4276 consec·

430 4305 609 4371 Delph.
623 4310 675 4357 et
692 4305 806 4357 Ver.
828 4306 958 4357 Clas.

1451 2398 1694 2448 teretur?
1761 2396 1837 2447 At
1859 2411 1993 2447 unus
2022 2403 2076 2447 et
2109 2394 2234 2446 item
2273 2392 2407 2444 alter
2444 2392 2511 2443 ob

1450 2477 1616 2526 solum
1641 2476 1834 2539 linguoe
1862 2475 2060 2525 Latinae
2092 2474 2312 2524 nitorem
2346 2486 2513 2538 nuper

1450 2556 1655 2600 tantum
1667 2551 1910 2601 Terentio
1934 2549 2137 2600 tribuit.
2173 2548 2388 2611 Nescio,
2405 2546 2516 2611 qui-

1451 2640 1567 2676 nam
1591 2627 1667 2675 illi
1688 2625 1881 2675 fuerint
1899 2642 1915 2675 ι
1948 2625 2173 2674 οιιιιιίιιιιι
2196 2624 2403 2673 minime
2424 2622 2513 2673 de·

1452 2703 1606 2752 cebet
1625 2701 1945 2766 Scaligerum
1968 2703 2019 2749 in
2038 2714 2101 2751 eo
2117 2713 2337 2760 ⁸numero
2363 2712 2475 2747 esse
2494 2713 2510 2747 ι

1448 2780 1554 2843 qui,
1573 2779 1617 2827 si
1641 2785 1788 2827 tanta
1809 2777 2097 2827 intensione
2120 2775 2277 2825 animi
2298 2782 2513 2827 tractas-

1450 2862 1533 2904 set
1543 2853 1868 2914 Terentium,
1888 2857 2085 2916 quanta
2093 2850 2393 2914 Virgilium,
2408 2863 2511 2900 non

1448 2930 1618 2979 minus
1660 2929 1956 2993 perfectum
1996 2925 2047 2977 in
2071 2942 2164 2978 sno
2185 2941 2344 2991 opere
2363 2927 2513 2977 illum

1449 3017 1548 3070 per
1586 3005 1756 3055 omnin
1790 3004 2103 3070 judicasset.
2164 3004 2296 3054 Sunt
2318 3009 2514 3068 autem,

1446 3089 1508 3132 ut
1530 3081 1767 3133 omnibus
1790 3085 1957 3145 petet,
1975 3081 2113 3134 inter
2145 3079 2373 3130 eruditos
2408 3092 2511 3128 nou

1446 3158 1620 3222 pauci,
1651 3164 1706 3208 et
1725 3155 1956 3221 fuerunt,
1990 3157 2078 3223 qui
2108 3156 2397 3207 orationem
2413 3156 2512 3206 Τε-

1445 3236 1599 3285 rentii
1668 3236 1858 3286 merito
1917 3234 2123 3301 quidem
2171 3233 2506 3296 adamarunt,

1442 3313 1599 3376 longe
1618 3312 1766 3376 plura
1785 3318 1979 3374 nutem,
2008 3311 2063 3361 id
2097 3318 2199 3375 est,
2238 3310 2408 3361 omnis
2429 3324 2513 3375 en,

1445 3390 1632 3455 quibus
1650 3402 1811 3453 opera
1832 3388 2126 3453 hujusmodi
2147 3388 2511 3439 commendan-

1445 3470 1551 3522 tur,
1587 3464 1638 3513 in
1661 3478 1725 3514 eo
1749 3462 1989 3513 admirati
2009 3469 2163 3513 sunt:
2199 3478 2298 3514 nec
2320 3469 2382 3514 ut
2401 3465 2415 3493 ‘
2434 3463 2509 3512 lo-

1446 3539 1656 3591 cutoris’
1688 3538 1850 3606 (absit
1887 3539 2158 3590 verborum
2200 3539 2389 3602 vilitas,
2419 3537 2510 3588 ubi

1446 3616 1563 3680 plus
1583 3630 1737 3681 quam
1763 3615 1922 3665 verba
1952 3614 2284 3679 spectantur)
2322 3613 2415 3663 sed
2448 3619 2510 3662 ιιι

1441 3692 1641 3743 Comici
1656 3697 1712 3741 et
1724 3690 2022 3755 Philosophi
2036 3690 2210 3740 exacti
2224 3690 2322 3739 hoc
2335 3702 2508 3738 exem·

1442 3768 1558 3832 plur
1597 3766 1696 3817 sibi
1740 3772 2135 3830 proposuerunt.
2210 3765 2508 3827 Enimvero,

1442 3846 1533 3911 qui
1568 3850 1763 3910 praeter
1790 3845 1980 3908 stylum
2016 3841 2141 3892 nibil
2180 3842 2235 3891 in
2261 3840 2508 3891 Terentio

1444 3936 1620 3972 amare
1643 3919 1845 3977 didicit,
1868 3934 1982 3969 eum
2016 3934 2049 3969 a
2079 3919 2248 3968 Musis
2278 3924 2335 3968 et
2373 3917 2507 3968 Gra·

1448 3999 1533 4050 tiis
1554 4014 1671 4049 cum
1692 3997 1915 4048 maxime
1938 3998 2160 4047 alienum
2192 4011 2324 4058 esse,
2352 4007 2506 4045 nemo

1445 4074 1662 4126 abnuat.
1728 4073 1836 4124 Sed
1871 4073 1984 4123 haec
2017 4073 2267 4123 hactenns
2302 4073 2370 4123 sd
2392 4072 2507 4127 Jul-

1445 4150 1642 4215 Scalig.
1667 4149 1819 4200 Poet.
1844 4150 1933 4202 lib.
1962 4163 2047 4202 ur.
2074 4163 2189 4213 cap.
2212 4153 2297 4199 96.
2333 4143 2387 4199 et
2408 4148 2504 4200 lib.

1448 4240 1526 4277 vr.
1549 4240 1667 4291 cap.
1690 4229 1738 4277 2.
1776 4225 2037 4277 JmHenr.
2053 4223 2306 4276 Boeclerns.

1319 4305 1505 4360 Terent.
2329 4309 2374 4356 R
