3050 4942
482 337 574 405 92
947 352 1306 404 murenis
1353 349 1647 401 nnmsn
1698 352 2218 412 mssnnm'rio,

481 510 590 578 tet,
616 499 890 581 praemitti
931 498 1011 560 sit
1038 517 1305 559 necesse.
1390 499 1669 559 Summus
1698 497 1999 559 Aristoteli
2027 500 2280 558 ambitus
2309 499 2485 559 unius
2517 493 2674 557 Solis

481 607 611 658 est:
654 606 851 678 potest
896 615 1028 655 esse
1058 594 1284 674 aliquot
1310 595 1602 654 horarum.
1690 594 1826 663 Qua
1864 595 1925 653 in
1954 604 2122 673 parte
2151 593 2534 654 admirandus
2567 594 2679 652 So-

479 695 725 775 phocles
753 693 1201 772 Terentiusque.
1286 692 1536 752 Plautus
1573 710 1713 753 vero
1742 710 1955 752 novem
1996 710 2231 751 menses
2262 711 2381 752 uno
2411 691 2679 750 dramate

479 791 818 871 complexus
848 799 960 850 est.
1033 790 1114 849 Ut
1140 790 1237 849 vix
1263 788 1449 869 major
1471 789 1835 870 ampliorque
1865 788 2195 847 Homericae
2222 786 2467 858 Iliados,
2495 804 2678 866 quam

478 888 921 968 Amphitryonis
970 887 1047 947 sit
1089 886 1388 966 periodus.
1472 886 1806 945 Alcumena
1853 896 2049 944 autem
2093 884 2352 964 concipit
2401 893 2463 943 et
2503 883 2678 963 parit.

479 985 660 1055 Quod
704 985 756 1044 si
799 985 965 1045 fieret
1010 984 1250 1063 ubique,
1300 981 1466 1043 nullo
1513 983 1778 1063 episodio
1808 983 1932 1062 jam
1978 1001 2127 1062 opus
2178 993 2374 1042 esset:
2421 980 2679 1060 ideoque

475 1094 587 1142 nec
615 1101 711 1141 ars
739 1091 918 1152 esset,
947 1080 1200 1141 scribere
1229 1078 1619 1140 Comoediam.
1690 1078 2095 1158 Praeterquam
2132 1077 2292 1157 quod
2324 1077 2402 1137 sit
2427 1077 2687 1144 monstri,

474 1178 682 1251 instar,
709 1185 772 1236 et
792 1196 927 1236 cum
955 1175 1181 1236 ratione
1207 1193 1276 1234 ac
1300 1183 1514 1234 natura
1541 1186 1786 1253 pugnet,
1829 1187 1895 1235 ut
1925 1195 2063 1253 quse
2090 1175 2264 1235 simul
2293 1184 2354 1234 et
2381 1173 2682 1254 concipiat

475 1282 537 1334 et
563 1272 773 1353 pariat.
856 1271 1069 1341 Qualia
1097 1270 1387 1334 nonnulla
1428 1270 1490 1330 in
1540 1272 1822 1349 scriptore
1866 1270 1981 1330 hoc
2031 1290 2295 1331 summus
2324 1271 2681 1332 Criticoru'm

478 1370 686 1429 Caesar
728 1368 994 1448 Scaliger
1042 1368 1291 1428 notavit.
1400 1369 1597 1447 Atque
1643 1367 1778 1428 hsec
1827 1368 2158 1427 vitaverant
2207 1367 2411 1427 Poetae
2461 1367 2682 1440 Graeci,

476 1484 727 1544 quorum
782 1466 1000 1546 scripta
1063 1465 1160 1525 hic
1230 1474 1540 1543 tantopere
1595 1464 1974 1526 commendat
2031 1463 2325 1528 Flaccus:
2394 1463 2682 1523 Technici

476 1562 845 1636 Graecorum,
892 1562 1191 1641 quomodo
1225 1562 1468 1621 vitanda
1515 1571 1722 1620 essent
1766 1580 1837 1622 ac
1885 1561 2175 1633 cavenda,
2225 1581 2387 1640 saepe
2415 1560 2685 1621 inculca-

472 1667 614 1719 runt
639 1658 779 1719 suis.
861 1658 1113 1720 Plautus
1143 1679 1363 1738 susque
1412 1658 1608 1739 deque
1657 1658 1885 1729 habuit,
1932 1668 1999 1717 ut
2024 1659 2087 1717 in
2115 1657 2399 1737 Captivis,
2485 1657 2683 1724 Quam

470 1754 756 1815 incuriam
783 1754 975 1816 Poeta
1011 1773 1145 1817 cum
1175 1756 1419 1831 videret,
1463 1757 1771 1817 continere
1810 1776 1875 1817 se
1904 1775 2026 1816 non
2054 1755 2264 1835 potuit,
2293 1754 2435 1840 quin
2477 1752 2691 1813 excla-³

469 1859 700 1916 maret:

1359 1984 1483 2045 Vos
1508 1986 1864 2068 exemplaria
1894 1984 2109 2047 Graeca

877 2082 1185 2142 Nocturna
1214 2092 1444 2142 versate
1473 2101 1674 2158 manu,
1704 2096 1932 2145 versate
1960 2081 2171 2142 diurna
2195 2102 2210 2141 ε

473 2244 681 2296 eontra
754 2237 1177 2317 negligentiam
1246 2256 1485 2297 suorum
1543 2247 1601 2299 et
1670 2237 1954 2298 incuriam
2023 2233 2369 2316 gravissime
2423 2241 2679 2296 taxaret.

477 2331 698 2401 Quidni
726 2334 903 2405 enim,
930 2334 1030 2413 qui
1059 2333 1173 2394 hoc
1203 2343 1326 2394 tum
1353 2335 1592 2414 agebat,
1619 2334 1778 2413 quod
1809 2344 1947 2394 ante
1969 2354 2103 2395 eum
2132 2329 2532 2393 Aristoteles?
2574 2330 2680 2410 qui

469 2429 690 2509 ubique
739 2431 1079 2511 Euripidem
1108 2441 1169 2493 et
1196 2432 1346 2492 alios
1382 2432 1442 2490 in
1472 2431 1591 2491 illis
1641 2430 2044 2511 reprehendit:
2105 2449 2242 2489 nam
2289 2428 2364 2489 de
2415 2427 2679 2488 Comicis

470 2545 606 2604 quse
633 2528 888 2607 scripsit,
914 2527 1092 2588 hodie
1121 2548 1240 2589 non
1271 2539 1494 2589 extant.
1581 2529 1765 2589 Porro
1795 2529 1966 2588 simul
2011 2547 2083 2589 ac
2129 2527 2320 2586 Po'eta
2358 2525 2677 2586 Actionem

466 2620 667 2695 habet,
715 2624 911 2683 locum
960 2644 1195 2705 quoque
1242 2635 1310 2686 ut
1338 2625 1710 2702 actionirdet‚
1757 2643 2005 2684 neeesse
2047 2632 2161 2695 est,
2202 2622 2346 2700 quia
2379 2622 2508 2681 sine
2536 2622 2674 2680 loco

469 2718 595 2777 fieri
622 2719 704 2778 nil
734 2725 948 2800 potest.
1020 2721 1138 2781 Hic
1170 2730 1365 2783 autem
1394 2721 1561 2782 locus
1594 2726 1763 2794 σκηνὴ
1792 2719 2067 2800 δράματος
2087 2738 2124 2777 a
2145 2716 2379 2776 Criticis
2406 2726 2674 2784 vocatur,

469 2815 639 2894 cujus
667 2817 843 2877 finem
872 2819 1166 2879 transilire
1190 2819 1381 2881 nefas.
1464 2819 1658 2879 Nemo
1700 2817 1856 2877 enim
1883 2827 2143 2895 tempore
2170 2812 2402 2886 eodem,
2443 2812 2607 2893 quod
2638 2833 2677 2873 a

472 2908 688 2973 Plauto
714 2924 877 2972 recte
904 2912 1139 2986 dicitur,
1175 2913 1316 2973 alibi
1365 2923 1547 2994 atque
1593 2913 1731 2973 alibi
1757 2913 1975 2973 versari
2013 2921 2256 2992 potest:
2302 2912 2416 2972 nisi
2445 2912 2674 2992 aliquid

469 3016 866 3074 monstrosum
911 3008 1019 3067 fiat
1062 3008 1124 3068 in
1194 3010 1524 3070 Comoedia-
1632 3009 1799 3069 Idem
1841 3019 2063 3083 tamen,
2109 3029 2246 3070 cum
2294 3008 2675 3071 Curculionis

471 3121 712 3166 scenam
763 3102 1045 3184 Epidauri
1082 3105 1401 3183 posuisset,
1454 3105 1706 3166 Romam
1744 3105 1955 3166 transit
1981 3105 2042 3165 in
2086 3106 2314 3181 eadem,
2353 3107 2503 3167 etin
2547 3106 2677 3165 Ro-

469 3217 777 3259 manorum
805 3218 1018 3270 mores,
1046 3220 1243 3261 scenae
1271 3222 1397 3262 suse
1413 3203 1542 3283 jam
1570 3204 1811 3277 oblitus,
1853 3202 2034 3262 libere
2061 3202 2389 3272 invehitur;
2449 3213 2511 3264 et
2538 3203 2679 3283 qui-

465 3294 627 3368 dem,
675 3305 743 3355 ut
768 3295 994 3374 antiqui
1023 3295 1271 3370 Comici,
1299 3300 1582 3373 tributim,
1620 3300 1705 3359 ita
1729 3309 1798 3364 ut
1840 3309 1903 3360 et
1930 3300 2166 3378 singula
2193 3300 2492 3362 describat
2515 3302 2672 3373 loca,

465 3379 717 3452 Actsxv.
782 3393 980 3452 Scena
1004 3398 1023 3427 ‘
1046 3393 1341 3472 AEdepol.’
1409 3396 1446 3454 J
1452 3414 1546 3455 am
1573 3401 1645 3456 rc?
1668 3398 1856 3474 ἄλογα
1892 3395 1953 3455 in
1976 3396 2216 3456 Fabulis
2238 3416 2417 3476 quam
2438 3395 2671 3457 multa?

465 3478 552 3547 ita
576 3506 746 3562 voco,
776 3508 911 3569 quse
937 3487 1079 3547 nihil
1106 3488 1417 3549 verisimile
1444 3491 1689 3552 habent.
1728 3491 1872 3551 Tale
1893 3499 2003 3562 est,
2037 3491 2328 3553 Sosiclem
2357 3491 2673 3552 Menaech-

468 3604 652 3657 mum,
692 3586 794 3664 qui
836 3583 1066 3646 veniret
1102 3603 1140 3643 e
1184 3584 1406 3658 Sicilia,
1461 3594 1795 3664 surreptum
1843 3586 1984 3646 item
2039 3586 2143 3664 qui
2187 3587 2250 3645 in
2300 3587 2509 3668 Illyria
2538 3588 2670 3667 jam

470 3681 786 3758 habitaret,
813 3681 1039 3755 habitu,
1082 3680 1292 3743 eodem
1323 3691 1603 3762 tempore,
1644 3683 1730 3741 ita
1772 3682 1947 3742 simili
1972 3682 2180 3757 fuisse,
2222 3693 2290 3743 ut
2327 3684 2602 3764 dignosci
2632 3703 2671 3744 a

470 3779 902 3857 spectatoribus
942 3796 1064 3840 non
1111 3787 1396 3857 possent3
1435 3795 1573 3839 cum
1601 3777 1686 3840 nil
1724 3776 1908 3838 simile
1937 3776 2224 3837 haberent
2265 3780 2400 3839 istae
2427 3788 2665 3858 gentes.

470 3874 651 3944 Quod
676 3876 878 3936 vitium
905 3893 980 3936 ne
1010 3895 1047 3938 a
1088 3875 1348 3954 chorago
1396 3874 1634 3954 quidem
1678 3873 1977 3934 emendari
2020 3885 2237 3953 potest.
2318 3876 2475 3936 Nam
2504 3876 2667 3937 Mer-

470 3971 666 4032 curius
700 3970 1116 4051 Amphitryone
1165 3980 1226 4029 et
1270 3970 1504 4049 Jupiter
1552 3968 1651 4028 Dii
1686 3979 1861 4028 sunt:
1918 3967 2133 4048 quibus
2163 3970 2367 4030 omnia
2391 3955 2673 4045 concedi,

469 4067 643 4130 etiam
669 4066 788 4140 hic,
817 4066 1028 4126 solent.
1114 4065 1312 4134 Quare
1354 4066 1648 4127 incurrere
1690 4066 1751 4149 ro
1778 4067 1994 4141 ἄλογον
2021 4085 2142 4125 non
2179 4077 2461 4146 possunt.
2545 4067 2671 4126 Ubi

465 4161 623 4238 enim
653 4162 753 4223 Dii
781 4170 985 4243 agunt,
1014 4171 1212 4226 cessat
1253 4161 1422 4224 ratio.
1507 4160 1753 4234 Quidvis
1787 4163 1941 4224 enim
1982 4182 2160 4244 posse
2189 4184 2315 4240 eos,
2361 4184 2538 4226 nemo
2568 4172 2666 4225 est
