3050 4942
471 389 534 436 r.
582 385 946 436 TERENTH
994 386 1173 436 Arm
1223 384 1299 434 ιΝ
1350 384 1714 435 ΑΝΒιιιΑΜ
1767 385 2179 436 ramosus,
2351 370 2481 436 273

959 627 1819 711 PROLOGUS-i

292 779 600 881 POETA,
632 823 781 868 cum
814 805 1104 888 primum
1134 806 1420 869 animum
1451 798 1541 867 ad
1572 803 1991 868 scribendum
2022 804 2307 887 appulit,

291 905 373 970 Id
396 891 540 969 'sibi
572 908 794 987 negoti
828 907 1109 972 credidit
1141 908 1360 971 solum
1394 905 1566 984 dari,

226 1083 237 1093 „
291 1004 556 1089 Populo
587 1013 662 1071 ut
688 998 1054 1089 placerent,
1085 1028 1259 1092 quas
1287 1008 1554 1072 fecisset
1581 1007 1863 1072 fabulas.

288 1108 542 1172 Verum
574 1109 765 1173 aliter
796 1112 1059 1174 evenire
1089 1113 1299 1176 multo
1329 1110 1677 1192 intelligit:

289 1211 471 1275 Nam
502 1210 570 1273 in
598 1211 893 1294 prologis
921 1212 1300 1277 scribundis
1331 1232 1601 1296 operam
1633 1211 1922 1276 abutitur
1950 1232 1967 1290 ;
2439 1209 2483 1270 5

353 1404 479 1452 Cum
499 1405 702 1467 primum
725 1405 968 1456 Terentius
990 1405 1144 1455 Poe'ta
1162 1406 1369 1455 animum
1389 1405 1618 1468 applicuit
1639 1404 1702 1453 ad
1714 1403 1965 1465 faciendas
1989 1403 2263 1460 Comoedias,
2286 1398 2488 1451 credidit

289 1467 415 1516 lunc
434 1469 528 1519 sibi
551 1476 734 1520 tantum
755 1471 958 1521 laborem
977 1472 1172 1534 imponi,
1190 1476 1244 1520 ut
1270 1471 1535 1531 Gomoedioe,
1566 1484 1678 1532 quos
1700 1469 1914 1529 fecisset,
1942 1470 2159 1531 populum
2177 1469 2486 1516 delectarent:

288 1546 451 1582 verum
473 1535 830 1600 animadvertit,
851 1538 996 1586 multo
1017 1536 1156 1585 aliter
1175 1550 1313 1600 quam
1330 1540 1583 1598 putaverat
1604 1534 1789 1584 evenire
1806 1550 1823 1582 .-
1855 1547 1964 1581 mrm
1985 1535 2036 1581 in
2052 1533 2262 1595 prologis
2283 1531 2486 1580 scriben-

1510 1679 1570 1698 O&

351 1782 451 1848 ’,ᾖ
485 1784 652 1833 Notas
691 1785 1048 1848 Bentleianas,
1083 1802 1211 1851 quas
1234 1786 1287 1836 iu
1309 1787 1388 1836 his
1409 1784 1527 1837 VV.
1552 1785 1655 1834 LL.
1680 1783 1744 1833 ad
1768 1783 2020 1834 Andriam
2063 1780 2338 1842 inveneris,
2374 1795 2402 1828 e
2429 1779 2489 1828 Ζ.

289 1842 404 1899 fere
427 1850 766 1898 extraximus.
832 1852 894 1900 Id
917 1853 1122 1917 quidem
1145 1850 1383 1913 fecimus,
1421 1859 1480 1901 ut
1516 1850 1760 1898 brevitati
1796 1849 2193 1897 consuleremus.
2258 1845 2349 1907 At,
2370 1859 2487 1893 cum

290 1913 524 1962 Bentleii
547 1911 699 1964 famae
724 1923 779 1964 et
804 1931 938 1964 verae
962 1917 1141 1966 harum
1162 1918 1276 1965 VV.
1298 1917 1405 1965 LL.
1432 1915 1651 1965 utilitati
1675 1914 1759 1962 vix
1781 1913 1878 1962 hac
1901 1912 2098 1961 ratione
2123 1912 2249 1960 satis
2292 1909 2489 1959 sactum

288 1984 481 2040 postea
504 1978 788 2042 videretur,
810 1980 1016 2029 tandem
1044 1980 1391 2045 judicavimus
1411 1981 1463 2029 in
1486 1980 1642 2028 variis
1666 1986 1959 2028 ceterarum
1982 1977 2287 2025 Fabularum
2310 1974 2493 2023 lectio-

288 2041 440 2090 nibus
468 2044 789 2105 exponendis
812 2047 965 2109 paulo
990 2047 1195 2110 quidem
1220 2046 1523 2109 longiorem,
1558 2050 1615 2092 at
1639 2050 1783 2092 certe
1816 2042 1976 2104 magis
2013 2040 2186 2097 fidam,
2223 2039 2407 2089 Fae'rni
2433 2053 2495 2086 ac

289 2106 521 2155 Bentleii
547 2109 596 2156 N
602 2116 803 2157 otarum
825 2110 1102 2172 Epitomeu
1123 2109 1722 2160 exhibendam—Quam
1745 2108 1999 2156 rationem
2021 2105 2198 2155 inierit
2219 2106 2331 2168 ipse
2355 2105 2489 2152 Zeu-

289 2172 426 2231 nius,
461 2173 775 2234 explicatam
813 2175 926 2237 ejus
972 2176 1145 2224 verbis
1189 2176 1400 2238 accipe:
1435 2175 1452 2203 ‘
1475 2173 1735 2222 Faernum
1778 2173 1984 2236 quidem
2023 2171 2164 2231 olim,
2210 2178 2265 2218 et
2308 2174 2493 2232 postea

286 2234 590 2283 Bentleium
614 2251 732 2286 cum
754 2239 1120 2288 intellexissem
1146 2241 1356 2288 multam
1387 2239 1701 2288 Terentiano
1727 2237 1894 2287 textui
1928 2234 2255 2285 emendando
2292 2241 2348 2283 et
2388 2235 2492 2282 lec-

290 2299 488 2348 tionum
510 2302 829 2353 auctoritate
853 2304 1202 2352 confirmando
1225 2319 1434 2367 operam
1462 2303 1667 2352 dedisse
1690 2317 1705 2362 3
1740 2301 1802 2351 ab
1842 2315 1933 2350 usu
1957 2301 2105 2364 hujus
2131 2299 2372 2348 editionis
2392 2299 2489 2347 cri-

288 2364 727 2427 tico,praesertim
749 2382 865 2417 cum
888 2370 1065 2418 multae
1088 2368 1457 2430 Lindenbrogii
1495 2377 1631 2417 notae
1673 2366 1895 2416 eundem
1932 2371 2192 2428 spectent,
2229 2378 2329 2412 nou
2366 2362 2493 2412 alie-

289 2441 415 2477 num
439 2428 586 2493 duxi,
608 2430 799 2495 ubique
822 2433 1090 2497 utriusque
1117 2433 1212 2482 viri
1237 2433 1549 2482 sententiam
1574 2431 1891 2496 adjungere,
1928 2429 2040 2490 sed,
2061 2444 2126 2477 ne
2147 2429 2281 2477 liber
2302 2428 2492 2489 magui·

289 2492 479 2542 tudine
501 2501 561 2543 et
581 2495 887 2545 scholiorum
912 2499 1051 2547 nube
1073 2499 1317 2547 molestus
1341 2498 1637 2559 lectoribus,
1674 2505 1730 2545 et
1750 2494 1888 2544 forte
1950 2494 2084 2542 retio
2108 2491 2389 2545 emtoribus
2415 2492 2492 2540 in-

291 2557 595 2607 commodus
617 2560 887 2624 existeret,
909 2562 1005 2612 hoc
1029 2568 1439 2625 temperamento
1477 2576 1589 2609 sum
1626 2575 1767 2620 usus,
1805 2565 1866 2607 ut
1923 2573 2013 2606 ere
2048 2558 2218 2606 verbis
2241 2558 2386 2617 meis,
2426 2556 2492 2605 ad

291 2636 403 2671 rem
427 2621 660 2685 brevius,
681 2627 822 2675 salva
845 2627 1243 2691 perspicuitate,
1268 2624 1675 2689 significandam,
1695 2624 1964 2686 utriusque
1987 2621 2084 2670 viri
2107 2621 2418 2670 sententiam
2441 2622 2494 2668 in

294 2687 661 2749 compendium
678 2690 984 2753 redigerem,
1006 2698 1060 2740 et
1083 2692 1169 2740 uni
1192 2692 1385 2739 nomini
1410 2690 1691 2738 tribuerem
1715 2687 1977 2746 Bentleii;
2011 2686 2142 2734 adeo
2165 2694 2223 2734 ut
2246 2686 2398 2747 copia
2420 2685 2494 2733 lo·

295 2765 474 2800 corum
500 2752 708 2811 omissa,
732 2760 786 2803 et
808 2754 1081 2804 verborum
1104 2755 1538 2815 formularumque
1581 2752 1880 2814 ambagibus
1920 2749 2172 2799 detractis
2208 2756 2262 2797 et
2298 2749 2493 2797 crebris

291 2814 529 2879 ejusdem
570 2819 646 2867 rei
683 2819 1078 2883 repetitionibus
1114 2820 1310 2878 vitatis,
1348 2819 1473 2866 nihil
1512 2815 1611 2865 nisi
1649 2815 1920 2865 sententiae
1952 2821 2492 2876 argumentorumque,

293 2881 408 2928 sive
431 2895 463 2928 a
483 2881 720 2943 codicum
744 2885 1070 2944 auctoritate,
1088 2884 1195 2932 sive
1221 2884 1370 2932 metri
1392 2881 1611 2944 legibus,
1631 2881 1737 2930 sive
1754 2878 1998 2943 loquendi
2023 2893 2136 2939 usu,
2158 2886 2212 2927 et
2232 2878 2493 2941 elegantia

296 2946 551 3031 sermonis
574 2954 879 3011 sumturum,
901 2963 1145 2998 summam
1182 2946 1520 3013 spectandam
1560 2945 1978 3010 sequendumque
2015 2943 2141 2993 mihi
2174 2956 2286 2992 esse
2321 2942 2497 2992 existi-

293 3023 513 3057 marem.

360 3077 392 3122 2
428 3074 632 3136 Negotii
651 3075 741 3124 Br.
772 3075 970 3127 Parcus
994 3076 1267 3141 distinguit
1287 3076 1397 3125 dari
1420 3075 1620 3138 Populo,
1639 3079 1725 3124 ut:
1756 3072 1968 3123 damnat
1989 3071 2249 3122 West.—-5
2289 3071 2495 3135 Operam

294 3138 439 3201 vulg.
465 3147 522 3189 at
545 3139 671 3188 Par.
709 3154 776 3190 ex
813 3141 949 3190 Pau.
987 3156 1143 3205 opera.
1187 3143 1389 3192 Perlet.
1461 3142 1621 3204 Opera
1655 3153 1858 3206 quoque
1897 3152 2014 3188 esse
2052 3138 2106 3188 in
2143 3137 2297 3188 Bodl.
2340 3144 2496 3187 notat

1282 3305 1334 3355 N
1341 3304 1498 3355 01¹AE

361 3410 385 3457 t
400 3405 657 3468 Prologus]
677 3407 773 3456 Est
788 3409 975 3471 oratio,
987 3424 1104 3474 quae
1121 3410 1186 3459 ad
1205 3424 1354 3474 spec·

298 3485 469 3531 tantes
491 3489 616 3532 ante
635 3481 866 3533 fabulam
885 3485 1137 3535 habetur:
1172 3492 1357 3551 estque

299 3557 381 3605 vel
399 3557 870 3621 commendatitias,
893 3560 974 3608 vel
986 3560 1255 3622 relativus,
1274 3560 1359 3610 vel

302 3633 766 3697 argumentativns,
806 3634 891 3685 vel
927 3635 1133 3686 mixtus.
1206 3636 1355 3685 Com-

302 3709 640 3781 mendatitins
692 3717 795 3774 est,
860 3725 967 3776 quo
1033 3710 1213 3762 fabula
1272 3711 1358 3759 vel

303 3785 472 3836 Poeta
503 3787 922 3837 commendatur:
972 3788 1217 3839 relativus
1250 3787 1358 3838 sive

302 3863 640 3926 anaphoricus
683 3869 782 3926 est,
818 3878 920 3928 quo
957 3865 1233 3914 maledicta
1267 3865 1359 3914 ad·

300 3940 552 4003 versario,
574 3945 669 3990 aut
689 3941 870 4004 gratiae
900 3942 1091 4006 populo
1125 3941 1357 3992 reserun-

1436 3411 1692 3475 Prologus
1721 3415 1804 3460 est
1831 3408 2185 3473 anaphoricus,
2225 3407 2336 3458 sive
2364 3409 2494 3458 rela-

1437 3487 1595 3550 tivus,
1630 3485 1984 3537 defensionem
2027 3485 2209 3536 Poetae
2249 3485 2493 3535 adversus

1435 3563 1802 3612 malevolorum
1816 3563 2170 3613 accusationes
2190 3561 2494 3625 suscipiens.

1502 3643 1531 3687 l
1566 3638 1792 3701 Appula]
1825 3637 2110 3701 Appellare
2144 3637 2355 3700 proprie
2393 3640 2494 3698 est,

1439 3727 1505 3761 ex
1541 3712 1647 3761 alto
1678 3713 1807 3761 mari
1837 3713 1891 3760 in
1923 3718 2124 3775 portum
2161 3711 2369 3760 invehi:
2403 3711 2492 3760 cui
2549 3768 2556 3773 ,

1439 3789 1755 3839 contrarium
1783 3794 1862 3837 est
1892 3788 2108 3850 solvere,
2144 3801 2259 3835 cum
2284 3785 2492 3836 funibus

1438 3864 1618 3914 solutis
1637 3863 1784 3912 navis
1809 3877 1838 3912 e
1862 3869 2017 3926 portu
2040 3862 2280 3914 discedit.

1500 3945 1531 3987 5
1572 3940 1775 4002 Operam
1789 3937 2023 4000 abutitur]
2057 3937 2308 3988 Abutitur
2324 3939 2493 4002 prolo-

302 4022 417 4066 tur:
465 4017 924 4079 argumentativus,
960 4018 1067 4067 sive
1105 4017 1359 4084 hypothe-
1433 4031 1509 4080 go
1526 4017 1819 4078 Terentius,
1854 4016 2088 4081 quoniam
2122 4031 2224 4066 non
2262 4016 2495 4080 explicat

305 4092 433 4141 ticus
482 4100 585 4155 est,
632 4105 734 4156 quo
779 4099 1132 4156 argumentum
1171 4093 1360 4145 fabulae

306 4176 572 4217 narraturz
611 4168 801 4218 mixtus
834 4174 936 4232 est,
965 4171 1052 4232 qui
1090 4170 1240 4232 plura
1269 4172 1359 4219 ho-

1438 4099 1817 4154 argumentum,
1849 4092 1987 4156 qnod
2024 4107 2148 4142 vere
2182 4093 2382 4155 prologi
2412 4099 2492 4142 est

1439 4167 1691 4229 officium;
1746 4165 1837 4217 sed
1873 4170 2156 4232 respondet
2203 4167 2491 4233 malevolis,

304 4259 413 4295 rum
452 4253 545 4295 aut
584 4244 756 4294 omnia
778 4244 830 4292 iu
865 4259 921 4294 se
952 4245 1202 4297 continet.
1257 4246 1363 4299 Hic
1439 4245 1625 4309 quibus
1647 4243 1775 4296 facit
1797 4245 2059 4297 invidiam.

431 4325 615 4389 Delph.
637 4329 688 4373 et
712 4325 825 4376 ναν.
847 4325 974 4375 Clas.

1351 4325 1536 4375 Terent.
2322 4326 2358 4375 S
