3050 4942
419 380 548 450 178
600 445 605 450 .
1024 390 1453 446 samninus
1499 391 2006 444 caueamus

418 541 761 623 quisivimus
786 539 1091 614 nonnulla,
1130 559 1267 620 quae
1292 540 1483 601 axinus
1511 539 1945 619 explicarentur
1971 541 2163 613 nobis,
2189 549 2254 600 et
2270 538 2608 601 viderentur

418 636 742 699 seeundum
770 636 1104 707 Platonem,
1149 643 1247 697 τοῦ
1273 635 1477 713 ‘carpes
1521 634 1745 696 δεῖσθαι
1785 634 2013 712 βοητοῧ,
2041 641 2186 697 αὐτὰ
2213 635 2322 697 οὔτ’
2347 636 2606 716 &fabum-

421 740 537 806 θαι,
566 733 691 793 οὔτε
733 732 1012 808 βοηθῆσαι
1059 731 1273 794 δυνατά
1318 735 1523 793 αὑτοῖς.
1604 733 1703 793 Ad
1751 751 2025 793 numeros
2053 752 2327 794 versuum
2352 733 2612 794 comico-

419 850 548 889 rum
575 829 974 910 expediendos
1022 829 1381 891 assumenda
1418 837 1558 890 sunt
1606 849 1678 890 ea
1721 850 1857 910 quae
1899 828 2098 890 Graeci
2124 832 2274 902 πάθη
2302 829 2611 889 nominant

419 932 636 1000 λέξεως,
665 924 879 1003 quibus
922 934 981 985 et
1015 925 1334 985 dilatantur
1363 935 1424 987 et
1451 926 1880 987 contrahuntur
1904 926 2215 987 dictiones.
2299 925 2484 1006 quue
2515 925 2608 983 ni-

417 1021 626 1082 mirum
654 1031 779 1083 tum
805 1020 1114 1103 loquentes
1143 1021 1531 1082 communiter
1557 1022 1840 1094 fecerunt,
1878 1032 1946 1083 ut
1981 1022 2243 1102 pluribus
2272 1032 2375 1082 aut
2402 1022 2610 1102 pauci-

388 1149 393 1154 ·
419 1118 616 1182 oribus
647 1117 888 1199 syllabis
905 1121 1085 1178 verba
1110 1118 1505 1191 enuntiarent,
1521 1137 1697 1198 quam
1717 1137 1827 1179 nos
1848 1117 2235 1198 descriptura,
2264 1128 2367 1178 aut
2393 1137 2611 1179 secun-

417 1214 558 1274 dum
616 1214 902 1274 rationem
949 1234 1221 1275 versuum
1273 1215 1441 1275 nobis
1497 1224 1721 1277 notam.
1807 1216 1901 1275 De
1954 1235 2074 1294 qua
2118 1235 2182 1275 re
2225 1234 2386 1274 nunc
2429 1214 2609 1275 etiam

417 1311 669 1371 breviter
695 1310 969 1390 quoedam
997 1312 1464 1373 memorabimus,
1539 1319 1547 1325 “
1581 1391 1586 1394 ¹

497 1407 838 1467 Dilatantur
884 1409 1064 1468 verba
1101 1407 1509 1479 dissolutione,
1561 1427 1672 1468 seu
1718 1407 2006 1468 divisione
2043 1406 2424 1487 syllabarum,
2466 1425 2606 1485 quse

416 1514 509 1562 est
534 1502 817 1581 διαίρεσις.
902 1504 982 1564 Ut
1008 1512 1025 1539 ‘
1048 1503 1206 1575 iam,'
1236 1502 1650 1580 δισσυλλάβωε.
1732 1504 1911 1574 Quod
1939 1516 2000 1564 et
2028 1505 2313 1565 Scaurum
2344 1504 2601 1563 Rufinus

414 1597 500 1658 ait
523 1598 840 1673 indicasse,
876 1600 979 1680 qui
1021 1600 1245 1660 diceret
1289 1599 1350 1658 in
1390 1599 1692 1660 Pseudolo
1743 1598 2084 1659 ‘nunciam
2107 1603 2123 1628 ’
2162 1618 2292 1659 esse
2321 1610 2439 1659 tres
2484 1598 2608 1680 syl-

412 1695 602 1768 labas,
631 1704 693 1755 et
730 1696 1010 1757 Plautum
1053 1695 1327 1756 divisisse
1368 1694 1558 1775 ‘jam'
1609 1696 1672 1755 in
1701 1694 1871 1757 duas.
1956 1697 2099 1757 Tale
2148 1705 2242 1757 est
2282 1696 2610 1755 iudicatum

412 1788 473 1848 in
510 1790 718 1852 eadem
762 1793 980 1865 fabula,
1031 1800 1049 1829 ‘
1067 1793 1286 1863 malai,'
1355 1791 1769 1868 τρισύλλαβον.
1874 1792 1973 1852 Sic
2028 1801 2090 1852 et
2157 1801 2174 1830 ⁶
2198 1793 2372 1872 quis,’
2424 1792 2611 1871 ‘qui‚'

414 1887 630 1966 ‘quae,’
654 1898 716 1949 et
737 1909 911 1950 casus
938 1891 1149 1951 horum
1178 1890 1544 1950 diviserunt:

574 1981 579 1986 ’
655 1994 773 2064 Qui
800 2015 904 2075 per
929 1997 1200 2056 virtutem
1229 1997 1463 2075 peritat,
1492 2016 1614 2057 non
1644 1996 1865 2059 interit.

414 2103 756 2184 Legendum
785 2114 804 2143 ‘
822 2110 939 2177 Qui
961 2109 977 2137 ’
1006 2107 1399 2182 δισσυλλάβως
1425 2128 1442 2167 t
1487 2109 1537 2168 si
1565 2120 1659 2170 est
1682 2129 1821 2169 vera
1848 2109 2155 2190 scriptura,
2184 2107 2259 2166 de
2287 2126 2405 2186 quo
2435 2126 2603 2187 quae-

411 2211 570 2261 retur
593 2202 696 2262 illo
723 2204 785 2262 in
811 2204 965 2266 loco.
1046 2207 1165 2266 Sed
1192 2206 1461 2285 exempla
1487 2206 1550 2265 in
1578 2207 1795 2267 Plauto
1813 2207 1941 2287 jam
1969 2205 2157 2266 multa
2184 2203 2599 2264 indicavimus.

417 2296 594 2375 Apud
624 2298 932 2360 Horatium
960 2301 1058 2362 lib.
1083 2323 1162 2363 11.
1203 2302 1404 2361 Carm.

740 2413 943 2473 Ramis
970 2422 1031 2473 et
1059 2413 1298 2493 obliquo
1325 2413 1576 2474 laborat.

414 2524 524 2583 Est
545 2525 702 2585 enim
722 2545 927 2586 versus
952 2527 1232 2586 iambicus
1261 2525 1507 2585 dimeter
1551 2527 2095 2602 ὒπερκιιταληκτικόε.
2181 2524 2316 2583 Huc
2343 2523 2601 2603 pertinet

415 2609 676 2693 ‘calimss
712 2642 842 2703 pm,
877 2624 1052 2698 clam,
1079 2633 1148 2684 ut
1194 2622 1410 2694 Festus
1463 2623 1562 2682 ait.
1647 2623 1727 2682 Et
1772 2622 1832 2680 in
1874 2622 2119 2684 diversis
2166 2622 2358 2682 verbis
2400 2620 2596 2681 hiatus

409 2719 725 2780 vocalium.
762 2722 767 2726 ⁴
808 2721 985 2790 Quod
1012 2731 1208 2782 tamen
1238 2740 1359 2780 non
1386 2720 1601 2781 fecisse
1632 2720 1894 2794 Latinos,
1916 2720 2028 2779 nisi
2050 2721 2258 2801 poe'tas
2285 2717 2601 2799 quosdam,

415 2814 606 2877 Cicer.
634 2817 697 2875 in
723 2816 971 2879 Oratore
1001 2818 1254 2898 scripsit,
1295 2818 1417 2898 qui,
1448 2828 1515 2876 ut
1537 2836 1769 2877 versum
1796 2817 2092 2889 facerent,-
2116 2836 2278 2895 soepe
2301 2814 2611 2875 hiaverint.

418 2911 671 2972 anium
701 2914 882 2974 semel
908 2936 924 2975 ε
970 2922 990 2949 ‘
1011 2915 1210 2994 Scipio
1236 2915 1455 2975 invicte
1473 2913 1511 2974 ε’
1552 2924 1613 2974 et
1638 2933 1743 2974 se:

817 3026 951 3085 Hoc
978 3037 1142 3088 motu
1169 3025 1456 3086 radiantis
1484 3026 1685 3086 etesiae
1713 3027 1774 3086 in
1800 3024 1955 3086 vada
1979 3024 2168 3105 ponti.

419 3134 538 3195 Sed
562 3145 701 3195 suut
727 3147 786 3196 et
814 3138 974 3217 apud
1003 3138 1311 3200 Maronem
1336 3139 1512 3219 hujus
1537 3140 1837 3201 divisionis
1867 3139 2174 3221 exempla:

815 3250 893 3309 Et
920 3250 1161 3330 longum
1190 3251 1444 3313 formose
1470 3254 1626 3328 vale,
1654 3253 1807 3326 vale,
1836 3253 2046 3334 inquit,
2079 3253 2223 3313 Iola.

816 3346 1034 3407 Insulae
1063 3347 1231 3408 Ionio
1261 3349 1323 3408 in
1351 3369 1593 3430 magno·

812 3441 933 3502 Ter
957 3452 1097 3502 suut
1120 3444 1316 3505 conati
1342 3447 1640 3526 imponere
1668 3444 1836 3506 Pelio
1864 3444 2102 3505 Ossam.

812 3535 1045 3602 Glauco
1071 3547 1133 3602 et
1156 3539 1456 3619 Panopeae
1486 3552 1552 3602 et
1582 3542 1727 3603 Inoo
1751 3539 2097 3601 Melicertes.

418 3654 591 3736 Apud
621 3655 950 3732 Horatium,
978 3658 1080 3720 lib.
1106 3679 1152 3720 1.
1187 3661 1389 3722 Carm.

812 3770 1063 3832 Ossibus
1086 3782 1148 3832 et
1173 3763 1352 3853 capiti
1382 3771 1711 3833 inhumato.

414 3895 591 3974 Apud
621 3896 973 3974 Lucretium,
1001 3900 1103 3962 lib.
1130 3921 1193 3961 v.

723 3993 954 4055 Passim
973 4016 1078 4077 per
1100 3995 1234 4060 coeli
1258 3996 1503 4058 volvunt
1532 4014 1597 4055 se
1617 3994 1818 4058 inania
1845 3998 2089 4077 templa.

421 4099 495 4159 Et
523 4102 624 4162 lib.
653 4123 732 4165 11.

729 4198 933 4261 Vivam
959 4202 1301 4282 progeniem
1323 4202 1427 4281 qui
1454 4202 1517 4262 iu
1546 4221 1679 4266 otas
1707 4203 1945 4266 luminis
1970 4202 2173 4266 edant.
