3050 4942
508 365 598 447 52
1169 388 1442 440 vicron
1491 391 1589 438 nn
1636 370 2020 439 common.

510 551 721 599 natura
749 536 1066 610 desiderat,
1093 534 1312 616 duplici
1341 555 1401 596 ss
1431 534 1639 595 Latine
1667 530 1909 614 quidem
1934 541 2271 606 annotatur,
2302 531 2476 594 sicuti
2504 534 2700 612 φιλιπ-

509 640 682 710 πίὲω,
727 635 1074 716 philippisso
1103 644 1216 694 est.
1298 634 1391 693 Ita
1419 630 1672 715 κωμῳδία
1700 631 1871 711 quasi
1899 627 2253 712 κωμαὲφδία,
2296 628 2570 687 videlicet
2597 646 2701 687 co-

508 732 892 795 messantium
934 731 1235 792 hominum
1268 730 1585 790 cantilena.
1669 728 1820 797 Quae
1850 729 2195 788 Graecorum
2219 736 2279 799 et
2309 724 2535 785 Donati
2563 745 2704 785 send

510 831 697 892 tentia
721 831 970 890 maxime
1013 828 1249 909 placet:
1290 849 1422 888 cum
1467 827 1794 908 praesertim
1824 825 2203 887 doctissimus
2234 824 2486 903 quisque
2514 821 2706 882 fatea-

511 937 607 989 tur
632 928 693 988 in
722 927 1096 1008 Dionysiacis
1123 919 1651 988 comessationibus
1677 926 1741 986 id
1786 945 1974 1006 genus
2003 922 2293 1004 poematis
2324 941 2364 980 a
2387 921 2703 981 Veteribus

509 1024 691 1086 fuisse
719 1025 1099 1086 celebratum.
1183 1026 1233 1085 Ii
1260 1044 1396 1085 vero
1424 1024 1565 1084 mihi
1592 1024 1755 1084 nullo
1783 1033 1961 1104 pacto
1988 1019 2244 1082 blandiri
2272 1028 2545 1099 possunt,
2595 1017 2704 1097 qui

509 1142 728 1183 nomen
754 1123 867 1183 hoc
889 1123 1002 1182 ἀπὸ
1030 1133 1141 1183 τῶν
1161 1133 1355 1194 κωμῶν
1378 1121 1638 1182 derivare
1660 1119 2051 1192 contendunt,
2072 1118 2353 1198 quoniam
2375 1114 2705 1197 Athenien-

512 1239 607 1279 ses
635 1212 820 1299 (apud
848 1237 998 1300 quos
1027 1229 1226 1279 natam
1252 1220 1394 1292 fere,
1423 1230 1484 1280 et
1512 1233 1745 1279 auctam
1776 1238 1909 1278 esse
1944 1215 2312 1277 Comoediam
2357 1232 2532 1274 nemo
2576 1230 2703 1271 am·

511 1314 684 1393 higit)
729 1315 933 1396 δήμους
979 1328 1284 1388 vocarunt,
1338 1337 1474 1395 quae
1531 1317 1607 1376 ab
1657 1316 1790 1376 aliis
1836 1326 2016 1394 κῶμαι
2061 1313 2314 1374 fuissent
2361 1305 2701 1391 appellatas.

515 1411 827 1483 Enimvero
853 1415 1002 1476 illud
1033 1437 1214 1476 unum
1241 1416 1382 1474 mihi
1409 1416 1712 1495 negotium
1740 1408 1917 1487 facit,⁶
1950 1434 2024 1474 ne
2053 1412 2279 1474 scilicet
2307 1409 2559 1470 Comum
2586 1410 2706 1468 ἀπὸ

512 1519 623 1569 τῶν
650 1523 846 1589 κωμῶν
888 1512 1119 1572 Graecia
1161 1512 1408 1573 dixerit:
1451 1512 1950 1591 quemadmodum
1995 1509 2248 1570 Romani
2294 1507 2704 1568 Fornacaliam

513 1609 760 1668 servatis
790 1610 865 1668 ab
893 1609 1169 1670 incendio
1197 1610 1429 1671 coluere
1459 1609 1794 1670 fornacibus
1822 1627 1840 1668 ε
1881 1621 1942 1669 et
1990 1607 2308 1687 Robigum,
2357 1604 2480 1664 sive
2515 1604 2705 1664 Rubi-

513 1703 731 1783 ginem,
761 1715 937 1784 atque
967 1706 1112 1766 alios
1140 1707 1493 1787 complureS,
1542 1726 1579 1765 a
1625 1706 1840 1786 quibus
1879 1714 2206 1785 praeessent
2231 1704 2407 1763 rebus
2438 1698 2707 1781 appella-

512 1820 670 1863 vere.
729 1802 1062 1883 Utcumque
1091 1813 1288 1864 tamen
1319 1823 1450 1864 sese
1478 1823 1570 1864 res
1598 1803 1836 1877 habeat,
1865 1805 1989 1880 περὶ
2018 1802 2081 1862 τὸ
2103 1801 2388 1879 κωμάὲειν
2416 1798 2706 1878 appellari

515 1897 881 1964 comoediam
910 1900 1134 1961 affirmo
1160 1920 1177 1961 :
1221 1901 1520 1980 quoniam,
1566 1900 1677 1961 etsi
1705 1903 1828 1977 περὶ
1856 1903 1953 1960 τὰς
1979 1905 2161 1978 κώμας
2189 1896 2421 1958 dicatur
2447 1898 2477 1955 ὁ
2509 1907 2705 1973 κῶμος,

510 2002 710 2054 tamen
740 1997 813 2054 ab
841 2015 912 2056 eo
940 1999 1004 2057 τὸ
1032 1998 1334 2073 κωμᾶξειν,
1379 1997 1541 2056 unde
1568 1996 1819 2077 κωμῳδία
1846 1994 2015 2074 quasi
2051 1995 2425 2075 κωμαὲόννων
2452 1993 2566 2075 ᾠδὴ
2587 2002 2707 2053 'no-

510 2091 786 2150 minatur.
842 2094 1060 2154 Verum
1087 2114 1163 2154 ex.
1188 2094 1319 2174 ipso
1338 2094 1463 2173 jam
1491 2095 1727 2155 nomine
1755 2092 1946 2172 patuit
1969 2111 2241 2171 quaenam
2270 2090 2533 2150 definitio
2562 2111 2706 2171 pos-

513 2185 591 2245 sit
638 2185 962 2249 Comoediae
1011 2192 1347 2265 convenire,
1399 2194 1615 2271 po'ema
1669 2191 1895 2251 scilicet
1941 2187 2350 2250 demulcendis
2399 2187 2703 2269 hominum

510 2284 828 2358 mentibus,
871 2287 1356 2368 excutiendisque
1401 2287 1776 2366 potissimum
1826 2286 2129 2347 cachinnis
2171 2283 2705 2347 accommodatum.

515 2378 650 2440 Hoc
677 2381 867 2443 innuit
893 2384 1196 2463 Virgilius,
1224 2395 1285 2444 et
1308 2384 1393 2444 illi
1419 2385 1790 2457 Graecorum,
1817 2381 1920 2462 qui
1945 2380 2204 2442 Θάλειαν
2232 2380 2471 2440 Musam
2502 2380 2706 2440 Comi-

513 2475 598 2543 ois
624 2478 939 2556 praesidere
967 2481 1323 2567 cecinerunt.
1389 2482 1540 2549 Quae
1569 2481 1815 2551 scilicet,
1843 2477 2068 2538 festivis
2095 2476 2396 2558 pullulans
2407 2464 2412 2471 ”
2414 2475 2591 2556 jociS,
2623 2478 2705 2538 ad

510 2572 690 2634 risum
739 2596 931 2654 usque
980 2578 1253 2641 delectet.
1337 2579 1470 2639 Hoc
1518 2579 1696 2638 etiam
1747 2575 2094 2636 Aristoteles
2137 2575 2563 2654 comprobavit,
2611 2577 2710 2636 in·

510 2669 741 2748 quiens,
796 2673 956 2753 quod
1013 2675 1073 2732 in
1121 2674 1484 2755 turpitudine
1531 2674 1840 2735 ridiculum
1886 2680 1998 2745 est,
2052 2670 2415 2731 Comoediam
2467 2671 2703 2734 imitari.

510 2766 1008 2850 Quandoquidem
1035 2773 1181 2833 illud
1223 2773 1486 2852 inprimis
1513 2775 1707 2854 poe‘tae
1735 2773 1909 2833 rebus
1938 2779 2002 2830 et
2025 2769 2217 2830 verbis
2247 2769 2477 2844 efficere
2520 2790 2707 2831 cona-

509 2863 762 2942 bantur:
805 2866 937 2945 ipsa
983 2869 1219 2947 quidem
1268 2890 1330 2929 re
1378 2869 1661 2942 bifariam,
1703 2865 2097 2929 videlicetvel
2128 2865 2404 2945 opinione
2433 2886 2563 2940 sua,
2608 2869 2706 2929 vel

511 2957 748 3020 alterius
776 2966 1158 3041 persuasione
1202 2966 1486 3044 deceptas
1530 2964 1812 3044 fingendo
1853 2982 2178 3044 personas:
2222 2963 2438 3024 deinde
2480 2984 2707 3047 magna

508 3056 765 3127 nomina,
789 3059 883 3117 vel
913 3059 1074 3119 Deos
1097 3058 1426 3120 mortalium
1450 3061 1761 3139 postremis
1784 3059 2219 3139 componendo,
2243 3060 2420 3120 sicuti
2448 3060 2703 3122 Plautus

505 3149 565 3208 in
616 3153 1038 3235 Amphitryone
1083 3157 1441 3217 Mercurium
1491 3158 1732 3218 simulat
1778 3177 1952 3237 agere
1993 3157 2228 3220 ‚Sosiam
2254 3176 2269 3216 :
2326 3156 2422 3216 vel
2470 3170 2703 3231 contra,

509 3250 1004 3328 quemadmodum
1032 3254 1090 3311 in
1121 3253 1307 3312 Ranis
1347 3254 1758 3332 Aristophanis
1806 3253 2033 3315 Fabula
2061 3251 2354 3313 Xanthias
2388 3252 2503 3311 vile
2532 3272 2704 3315 man-

506 3346 722 3424 cipium
755 3348 1068 3409 Herculem
1113 3350 1258 3428 agit.
1341 3350 1665 3409 Verborum
1716 3361 1911 3407 autem
1960 3348 2150 3408 modis
2200 3358 2426 3427 septem
2470 3349 2704 3411 Comici

506 3443 658 3502 risus
688 3445 1064 3506 excitabant:
1110 3448 1200 3506 vel
1228 3446 1454 3506 scilicet
1481 3447 1651 3525 plura
1681 3446 2020 3525 significans
2050 3446 2286 3504 verbum
2317 3458 2704 3525 usurpanteS,

505 3540 666 3621 quod
696 3543 1059 3621 grammatici
1103 3543 1308 3602 dicunt
1337 3545 1700 3622 ὁμωνυμίανε
1743 3543 1838 3602 vel
1866 3541 2036 3621 plura
2066 3540 2513 3620 significationis
2542 3543 2704 3622 ejus-

506 3639 660 3711 dem,
688 3639 850 3718 quod
879 3647 1093 3698 vocant
1123 3640 1515 3716 συνωνυμέανι
1560 3638 1652 3697 vel
1687 3637 1985 3717 proprium
2015 3636 2255 3716 aliquod
2282 3637 2559 3699 ludentes
2590 3661 2704 3701 no·
2787 3658 2792 3663 ’

504 3756 639 3799 men
684 3756 757 3797 ea
799 3736 1038 3816 quidem
1083 3737 1328 3808 ratione,
1370 3755 1489 3815 qua
1534 3755 1643 3795 nos
1687 3733 1980 3794 interdum
2030 3734 2395 3795 ‘oratorem'
2445 3735 2699 3797 dicimus

507 3838 522 3864 ‘
548 3833 875 3905 aratorem,'
901 3832 1060 3912 quod
1089 3832 1173 3892 illi
1200 3841 1546 3911 nuncupant
1568 3837 1952 3910 παρωνυμίαι),
1975 3829 2070 3890 vel
2093 3829 2302 3889 eadem
2328 3832 2550 3909 saepius
2576 3853 2706 3893 non

501 3929 814 3987 invenuste
851 3929 1191 4008 repetendo,
1237 3928 1395 4007 quod
1442 3926 1745 4005 appellant
1788 3925 2179 4005 ἀδολεσχίανε
2223 3926 2558 4006 cujusmodi
2603 3939 2703 3990 est

502 4022 650 4085 illud
680 4024 1012 4083 Ennianum
1038 4027 1111 4084 ab
1139 4024 1293 4085 Aulo
1322 4022 1517 4084 Gellio
1547 4024 1811 4093 citatum,
1843 4022 1940 4080 ubi
1972 4024 2211 4089 verbum
2241 4023 2355 4083 hoc
2408 4031 2424 4058 ‘
2445 4024 2667 4085 frustra
2691 4028 2708 4053 ’
2737 4038 2740 4041 “

505 4132 566 4178 et
581 4127 608 4155 ·‘
630 4120 936 4190 frustrari,'
963 4120 1158 4180 decies
1186 4120 1395 4180 eodem
1424 4118 1555 4179 loco
1585 4117 1948 4178 inculcatur:
1980 4118 2072 4178 vel
2102 4119 2462 4198 aspernandi
2493 4123 2702 4183 studio

504 4215 846 4275 diminutiva
872 4217 1229 4275 formantes:
1273 4216 1364 4275 vel
1410 4214 1666 4291 aliquam
1713 4213 1873 4274 haud
1917 4214 2169 4274 absurde
2198 4215 2428 4283 literam
2456 4229 2700 4280 mutan-
