3050 4942
496 365 628 435 2248
1175 379 1562 432 nroAnnus
1609 380 2030 432 sereremus

581 521 780 604 Negat
806 522 972 602 quis!
1000 519 1175 603 nege,
1196 521 1300 597 ait,
1314 503 1442 583 aio,
1676 522 1796 582 Sed
1824 522 2039 583 ostium
2068 521 2429 604 concrepuit.

582 618 912 691 EnimverO,
931 619 1223 692 Dave,·nil
1245 618 1359 678 loci
1378 629 1499 679 est.‘
1682 618 1917 678 Nemini
1946 618 2116 699 plura
2144 621 2375 679 acerba.

580 717 818 776 Habent
844 713 1173 794 despicatu.
1688 715 1847 783 Quid
1873 712 2084 794 ign6ve
2111 716 2406 796 peniculo.

581 812 765 872 Dolet
790 810 1013 871 dictum
1041 810 1417 891 imprudenti.
1688 813 1808 872 Sed
1836 822 2006 872 estne
2034 811 2134 873 ille
2163 823 2386 873 noster.

577 909 768 969 Adest
796 907 1014 988 optime
1043 909 1190 988 ipse.
1689 909 1908 969 Tamen
1938 908 2035 969 vix
2061 908 2334 968 humane.

582 1007 788 1068 Solent
813 1004 946 1066 esse
974 1005 1035 1065 id
1067 1025 1185 1076 non
1217 1006 1302 1065 fit.
1697 1007 1882 1066 Tacet
1909 1007 2014 1068 cur
2043 1026 2161 1066 non
2188 1005 2353 1065 ludo.

516 1095 521 1100 ’
581 1102 742 1173 Quid
774 1102 911 1163 huic
940 1101 1037 1163 hic
1067 1103 1345 1183 negotist.
1699 1105 1882 1164 Jubet
1908 1101 2134 1165 frater?
2173 1102 2273 1162 ubi
2302 1103 2353 1162 is
2382 1113 2498 1162 est.

578 1199 834 1260 Student
861 1197 1078 1260 facere.
1693 1200 1911 1260 Omnia
1938 1198 2142 1260 omnes
2172 1199 2272 1260 ubi
2295 1199 2654 1260 resciscunt.

500 1343 655 1415 Hoc,
685 1353 752 1401 ut
779 1342 965 1415 vides,
994 1342 1250 1404 Terentii
1286 1344 1578 1425 judicium
1621 1354 1784 1413 erat:
1828 1354 1896 1405 ut
1927 1344 1989 1403 in
2018 1347 2204 1424 primo
2232 1346 2354 1406 fere
2381 1344 2535 1424 pede
2565 1362 2698 1402 ver·

498 1456 624 1509 sus,
651 1438 749 1497 ubi
788 1439 1044 1518 paratior
1072 1440 1244 1502 venia
1286 1452 1398 1512 est,
1448 1440 1689 1500 licentia
1713 1441 1818 1501 illa
1845 1449 2147 1501 uteretur:
2190 1440 2414 1500 idcirco
2443 1458 2699 1499 excusa·

497 1532 629 1606 tior,
653 1535 816 1613 quod
846 1554 965 1595 non
995 1536 1123 1615 ipse
1164 1555 1293 1596 earn
1332 1537 1554 1617 primus
1604 1536 1904 1605 intulerit:
1949 1536 2056 1596 sed
2096 1556 2132 1596 a
2157 1521 2408 1607 Plauto}
2430 1535 2698 1605 Caecilio,

495 1629 822 1710 ceterisque
851 1642 976 1692 tum
1002 1633 1064 1694 in
1094 1653 1276 1694 scena
1290 1635 1673 1713 regnantibus
1695 1643 2001 1713 acceptam
2023 1633 2346 1693 retinuerit.
2431 1631 2700 1691 Licentia

494 1734 650 1786 certe
692 1740 851 1797 erat:
909 1738 971 1789 et
1021 1729 1269 1811 indigna
1325 1731 1497 1805 forte,
1553 1731 1647 1793 cui
1700 1731 1936 1790 Romuli
1994 1741 2239 1811 nepotes
2292 1728 2694 1807 indulgerent.

497 1821 672 1896 Nam,
702 1824 805 1904 qui
832 1824 1007 1886 hodie
1053 1848 1174 1888 non
1216 1827 1495 1889 Comicos
1543 1838 1770 1888 veteres
1817 1838 2183 1898 excusatum,
2228 1825 2336 1886 sed
2382 1824 2695 1885 defensum

494 1928 678 1987 eunt}
722 1921 825 2000 qui
862 1923 1085 1984 fontem
1114 1925 1198 1987 rei
1237 1944 1597 2005 causamque
1635 1934 1699 1986 et
1732 1923 2017 2004 originem
2046 1922 2438 2003 deprendisse
2469 1941 2534 1982 se
2565 1920 2696 2001 glo-

492 2013 758 2087 riantur:
798 2021 1154 2099 popularem
1203 2021 1430 2084 scilicet
1475 2032 1621 2081 tunc
1671 2020 1948 2101 temporis
1976 2017 2396 2100 pronuntiandi
2424 2037 2697 2081 morem:

495 2117 564 2167 ut
589 2130 836 2174 necesse
883 2115 1060 2176 fuerit
1104 2118 1367 2191 comicis,
1415 2138 1551 2198 quae
1601 2119 1781 2178 verba
1826 2117 2123 2177 communi
2169 2116 2380 2176 civium
2420 2133 2698 2175 sermone

496 2208 705 2285 spretis
731 2213 1197 2274 consonantibus
1226 2212 1431 2293 rapide
1457 2212 1872 2288 efferebantur,
1893 2233 1965 2274 ea
1992 2215 2169 2273 verba
2198 2213 2256 2271 in
2279 2212 2401 2272 suis
2427 2211 2693 2283 Fabulis,

495 2321 631 2380 quse
660 2303 1052 2369 audiebantur
1079 2308 1322 2382 scilicet,
1341 2329 1460 2369 non
1481 2309 1848 2389 legebantur,
1870 2309 2195 2387 corripere:
2228 2328 2321 2368 nae
2339 2307 2424 2367 illi
2439 2325 2699 2387 operoso

494 2409 712 2460 conatu
769 2401 913 2463 nihil
968 2404 1197 2479 dicunt,
1252 2407 1604 2486 pollicentes
1658 2426 1879 2487 magna
1929 2406 2075 2467 nihil
2133 2405 2445 2467 extricant.
2532 2401 2695 2473 Quid

495 2495 700 2557 enim?
740 2499 793 2558 si
821 2519 966 2562 usus
993 2510 1118 2562 tum
1146 2502 1359 2565 civium
1386 2502 1736 2577 communis,

656 2624 850 2694 Quem
878 2647 1062 2709 penes
1090 2629 1391 2692 arbitrium
1419 2641 1514 2693 est
1539 2640 1602 2691 et
1618 2630 1719 2711 jus
1748 2639 1809 2690 et
1832 2649 2037 2691 norma
2062 2628 2368 2710 loquendi,

494 2736 755 2834 syllabas
778 2750 855 2812 de
881 2753 1097 2833 quibus
1127 2756 1320 2835 agitur
1363 2753 1576 2835 raptim
1617 2751 2075 2833 pronuntiabat:
2103 2752 2229 2832 jam
2276 2770 2393 2813 non
2437 2752 2698 2812 comico-

493 2863 622 2905 rum
650 2846 743 2909 vel
772 2848 1013 2913 licentia
1038 2851 1133 2913 vel
1159 2852 1379 2913 crimen
1420 2862 1533 2924 est,
1577 2851 1678 2931 qui
1707 2851 1852 2912 mori
1875 2851 2356 2929 obtemperantes·
2378 2867 2482 2909 eas
2509 2849 2696 2908 corri-

492 2941 771 3021 piebant:
803 2946 907 3006 sed
939 2949 1378 3029 epicorum,qui
1404 2969 1517 3009 usu
1547 2949 1914 3028 improbante
1934 2945 2360 3026 producebant.
2445 2944 2695 3005 Mutan-

492 3043 591 3095 tur
617 3047 850 3099 tantum
878 3042 997 3110 rei:
1050 3044 1266 3103 crimen
1312 3045 1508 3124 ipsum
1558 3064 1675 3105 non
1726 3044 1975 3105 eluitur:
2018 3052 2124 3103 aut
2169 3041 2230 3101 hi
2277 3051 2381 3102 aut
2423 3041 2508 3100 illi
2551 3051 2695 3102 sunt

494 3132 690 3211 culpae
718 3132 1064 3200 damnandi.
1147 3140 1376 3210 Quibus
1421 3151 1619 3201 autem
1662 3141 1841 3221 culpa
1879 3140 2122 3213 haereat,
2165 3139 2319 3199 scitu
2346 3136 2691 3198 facillimum

495 3236 608 3287 est.
692 3228 954 3292 Priorem
1001 3234 1083 3308 in,
1137 3236 1256 3309 ille,
1311 3247 1391 3311 et,
1446 3258 1602 3311 esse,
1650 3247 1993 3299 constanter
2043 3236 2449 3318 producebant
2492 3233 2689 3313 epici;

497 3323 716 3387 Noster
743 3326 1037 3390 interdum
1076 3333 1335 3413 corripit,
1382 3336 1602 3416 saepius
1649 3333 1957 3414 producit:
2000 3331 2162 3412 quod
2207 3330 2256 3390 si
2305 3341 2466 3390 recte
2514 3340 2575 3388 et
2614 3347 2690 3388 ex

496 3440 610 3481 usu
637 3423 895 3505 corripit,
921 3431 1353 3510 tanto⁴soepius,
1383 3433 1522 3491 dum
1553 3431 1772 3511 saepius
1802 3428 2092 3509 producit,
2119 3436 2349 3507 peccat.
2417 3426 2688 3505 Propter,

446 3603 457 3615 l
496 3518 656 3597 apud
682 3521 883 3600 epicos
910 3542 1144 3604 semper
1170 3527 1361 3607 priore
1401 3527 1585 3607 longa
1610 3536 1743 3587 est:
1785 3526 2007 3585 Noster
2034 3523 2216 3584 semel
2243 3521 2503 3601 corripit,
2527 3519 2687 3581 And.

496 3634 575 3676 11.
605 3616 666 3678 6.
697 3618 755 3676 8.
1174 3621 1183 3631 ’

818 3728 1064 3810 Propter
1087 3732 1345 3814 hospita‘i
1369 3734 1618 3815 hujusce
1644 3730 2154 3794 consuetudinem.

499 3821 563 3884 Si
592 3822 708 3885 hoc
745 3844 820 3884 ex
845 3830 1275 3890 consuetudine
1300 3830 1499 3910 vulgi:
1547 3849 1652 3890 cur
1679 3830 1836 3889 intra
1863 3827 2157 3888 decimum
2184 3845 2439 3900 versum,
2468 3836 2531 3887 et
2556 3825 2686 3886 ubi-

497 3939 613 3998 que
636 3920 803 3995 alias,
831 3924 1146 4003 producit?

742 4049 843 4109 Nil
869 4050 1106 4132 propter
1129 4053 1286 4136 hauc
1317 4075 1333 4120 ε
1378 4054 1484 4116 sed
1511 4064 1605 4120 est
1629 4053 1792 4133 quod
1821 4062 2132 4114 succenset
2157 4049 2282 4111 tibi.

503 4157 724 4219 Eadem
779 4153 1134 4240 reliquorum
1180 4167 1329 4228 ratio
1374 4177 1501 4228 est:
1545 4165 1759 4247 quibus
1815 4164 1989 4226 venia
2040 4161 2302 4244 quidem,
2357 4161 2683 4241 praesertim
