3050 4942
569 396 666 464 84
1032 409 1399 461 mutnus
1445 409 1739 460 nemsu
1789 407 2314 461 mssmz‘rA'rio.

574 576 737 617 mum
766 555 1000 617 culmen
1029 574 1103 616 ac
1132 554 1434 634 fastigium
1478 564 1686 618 evecta
1728 555 1863 629 fuit,
1904 556 2171 635 ignorare
2213 553 2407 634 potuit
2442 552 2772 634 judicium;

574 652 661 714 vir
689 662 911 725 tantus,
962 663 1042 724 et,
1084 651 1246 730 quod
1296 653 1378 711 rei
1421 662 1603 731 caput
1652 652 1917 724 arbitror,
1965 651 2348 732 principibus,
2380 650 2482 730 qui
2529 650 2682 711 inter
2711 670 2777 711 se

575 748 839 830 quotidie
869 748 945 808 de
986 747 1057 806 iis
1095 746 1469 825 judicabant,
1511 748 1714 807 intime
1741 747 2043 807 familiaris
2073 768 2144 808 ac
2175 748 2420 808 amicus.
2501 748 2776 826 Augusto

573 856 790 917 autem,
832 845 1051 923 optimo
1097 843 1467 921 ingeniorum
1506 843 1719 923 judici,
1758 854 1878 903 tam
1917 855 2121 923 gratus
2154 854 2331 924 atque
2356 853 2661 924 acceptus,
2709 853 2778 903 ut

572 960 694 1002 non
719 960 851 1001 raro
878 940 1279 1019 lepidissimus
1308 939 1626 1000 homuncio
1665 942 1738 1000 ab
1767 961 1839 1000 eo
1867 940 2179 1013 diceretur,
2227 951 2288 1002 et
2316 960 2513 1022 quem,
2542 940 2593 1000 si
2622 939 2776 1002 anti-

572 1037 782 1118 quitati
808 1035 1084 1096 habenda
1108 1036 1207 1095 hic
1234 1035 1402 1108 fides,
1447 1037 1624 1096 etiam
1667 1035 1882 1096 habere
1911 1039 1985 1096 ab
2015 1037 2282 1116 epistolis
2324 1038 2571 1118 optavit.
2655 1036 2777 1105 Qui

572 1154 708 1194 cum
735 1143 943 1193 contra
970 1133 1119 1193 tanti
1147 1133 1403 1192 Terentii
1445 1133 1651 1193 fecerit
1701 1130 1993 1206 Fabellas,
2044 1143 2113 1194 ut
2156 1144 2219 1195 et
2264 1134 2528 1213 integras
2574 1152 2651 1193 ex
2698 1132 2773 1192 iis

570 1233 756 1308 ῥήσεις
784 1229 1181 1308 descripserit,
1223 1240 1284 1289 et
1312 1230 1530 1310 ubique
1559 1230 1987 1302 accommodet,
2030 1231 2140 1291 soli
2177 1230 2432 1311 denique
2461 1239 2645 1292 artem
2673 1230 2776 1289 tri-

571 1326 752 1394 buat;
797 1326 1051 1387 hominis
1081 1325 1354 1387 αὐθάδους
1385 1327 1577 1405 potius
1607 1346 1785 1405 quam
1814 1326 2029 1386 eruditi
2055 1336 2235 1400 esset,
2283 1327 2368 1386 ita
2394 1324 2709 1386 dissentire
2734 1345 2777 1385 a

571 1429 741 1481 tanto
768 1422 915 1494 viro,
963 1433 1030 1481 ut
1080 1442 1155 1481 ne
1203 1441 1445 1481 causam
1492 1421 1655 1500 prius
1684 1423 2161 1501 cognoscendam
2198 1422 2488 1485 crederet.
2570 1422 2774 1490 Quare

569 1517 872 1577 videamus
901 1520 1130 1590 saltem,
1173 1517 1317 1596 quid
1362 1516 1551 1578 afferri
1594 1537 1702 1596 pro
1730 1527 1979 1599 utroque
2009 1519 2216 1599 possit.
2301 1520 2396 1579 Ne
2424 1519 2517 1579 vel
2569 1518 2774 1578 Flacci

560 1613 853 1693 judicium
895 1615 956 1672 in
1008 1623 1330 1692 posterum,
1379 1622 1447 1674 ut
1494 1615 1707 1685 solent,
1759 1624 1861 1674 aut
1908 1616 2246 1677 Terentium
2292 1635 2498 1676 secure
2524 1614 2773 1674 nimium

570 1711 851 1770 damnare
879 1711 1119 1790 quidam
1159 1722 1411 1790 pergant
1439 1710 1497 1769 in
1531 1711 1856 1771 Comoedia.
1929 1712 2146 1771 Omnia
2175 1722 2371 1772 autem
2401 1731 2507 1792 pro
2539 1710 2774 1772 Horatii

559 1807 807 1888 judiciO,
850 1808 951 1886 qui
982 1807 1259 1867 Plautum
1290 1807 1375 1869 sic
1407 1826 1675 1868 amamus
1702 1817 1771 1867 ut
1797 1827 1829 1866 e
1859 1808 2132 1867 manibus
2160 1808 2457 1868 rarissime
2494 1816 2770 1886 putemus

570 1904 1011 1982 deponendum,
1062 1904 1332 1964 dicentur
1378 1903 1577 1981 potius
1615 1924 1792 1982 quam
1822 1913 2043 1963 nostre.
2129 1905 2220 1964 Ac
2249 1903 2324 1965 de
2353 1902 2612 1964 numeris
2641 1902 2774 1981 qui-

569 1998 704 2059 dem
736 2001 1023 2060 nonnulla
1054 2001 1365 2060 Donatus:
1395 2020 1512 2079 qua
1542 2001 1715 2061 etiam
1746 2002 1804 2060 in
1833 2009 1998 2079 parte
2026 1999 2187 2060 haud
2218 2019 2425 2080 parum
2448 1998 2770 2060 Veteribus

569 2095 869 2153 nonnullis
919 2095 1143 2173 placuit
1189 2095 1521 2156 Terentius,
1607 2095 1824 2155 Rufino
1876 2095 2115 2175 quidem
2165 2096 2589 2171 GrammaticO,
2630 2113 2770 2157 cum

567 2190 793 2271 inquit:
2567 2210 2572 2216 ·

811 2303 1072 2384 Agnovit
1098 2317 1369 2378 metrum,
1398 2315 1710 2385 servatque
1740 2306 2049 2366 Terentius
2079 2315 2303 2366 artem:

806 2399 962 2458 Nam
992 2402 1272 2480 prologos
1301 2401 1560 2461 trimetro
1590 2400 1798 2462 didicit
1825 2421 2175 2481 componere
2203 2421 2399 2475 versu,

804 2499 1242 2576 Scenarumque
1270 2506 1436 2556 actus
1460 2497 1679 2575 primos
1708 2497 1861 2575 pede
1891 2497 2118 2557 claudit
2146 2496 2374 2557 eodem.

565 2625 918 2707 Quanquam
948 2637 1105 2687 certe
1135 2626 1353 2686 Fabius
1383 2645 1502 2684 non
1536 2626 1770 2684 stetisse
1800 2625 1953 2683 intra
1979 2626 2270 2684 trimetros
2303 2622 2594 2703 deplorat.
2672 2627 2767 2688 De

560 2743 681 2803 quo
711 2723 859 2783 forte
888 2723 1035 2783 alias
1067 2721 1278 2781 dicturi
1321 2740 1546 2780 sumus.
1629 2720 1725 2780 Ad
1774 2719 2022 2779 alterum
2064 2719 2407 2799 priusquam
2437 2720 2766 2797 veniamus,

561 2820 838 2898 quaedam
859 2818 1271 2898 praemittenda
1299 2827 1489 2876 erunt.
1548 2819 1701 2876 Cum
1731 2818 1954 2878 eaedem
1980 2816 2304 2876 Comoediae
2334 2819 2766 2896 propemodum

560 2917 680 2976 sint
706 2925 901 2994 partes
932 2936 1002 2975 ac
1030 2914 1379 2993 Tragoediae,
1423 2914 1559 2971 finis
1605 2933 1841 2991 quoque
1869 2933 1942 2971 ex
1972 2922 2137 2993 parte
2167 2912 2343 2985 idem,
2373 2932 2447 2973 ex
2473 2924 2644 2992 parte
2672 2915 2764 2974 di-

557 3031 785 3080 versuS,
813 3010 999 3069 multa
1025 3029 1156 3068 esse
1184 3010 1413 3086 utrique
1440 3007 1777 3068 communia
1804 3028 2051 3069 necesse
2079 3017 2190 3067 est.
2251 3006 2567 3068 Delectare
2598 3010 2760 3070 enim

559 3128 629 3167 ac
657 3107 869 3167 docere
900 3116 991 3165 est
1020 3104 1375 3164 Comoediae:
1420 3123 1611 3182 neque
1640 3105 1834 3174 minus
1859 3104 2085 3164 Comici
2116 3102 2447 3164 διδάσκαλοι
2476 3114 2536 3164 et
2564 3129 2759 3187 κωμῳ-

560 3203 910 3275 διδάσκαλοι,
952 3222 1129 3282 quam
1159 3201 1415 3279 Tragici,
1442 3220 1479 3260 a
1508 3201 1735 3261 Graecis
1767 3201 2064 3262 dicuntur.
2149 3201 2278 3259 Nec
2306 3219 2539 3261 movere
2570 3202 2758 3262 risum

559 3320 703 3361 sane
750 3300 1055 3360 constituit
1100 3298 1487 3370 Comoediam,
1540 3298 1647 3357 sed
1691 3298 1878 3377 plebis
1929 3296 2247 3375 aucupium
2290 3305 2474 3356 estet
2503 3299 2757 3360 abusuS.

560 3398 714 3456 Nam
741 3396 1070 3468 ridiculum,
1098 3405 1165 3454 ut
1191 3408 1352 3454 recte
1379 3394 1751 3464 AristoteleS,
1782 3401 1797 3428 ‘
1818 3394 2020 3455 vitium
2045 3403 2138 3454 est
2167 3402 2227 3453 et
2246 3391 2504 3466 foeditas,
2533 3393 2758 3454 doloris

559 3512 801 3572 expers:
847 3512 981 3572 quse
1018 3500 1244 3571 partem
1272 3491 1333 3548 in
1360 3490 1597 3550 homine
1627 3491 1882 3570 aliquam
1909 3490 2227 3569 corrumpit
2253 3490 2478 3568 absque
2505 3491 2758 3550 morbo!

558 3590 724 3649 Sicut
751 3588 909 3647 foeda
936 3601 996 3648 et
1023 3587 1255 3646 detorta
1284 3586 1486 3659 facieS,
1539 3587 1588 3646 si
1638 3587 1802 3646 nullo
1851 3606 1986 3646 cum
2015 3586 2218 3646 dolore
2245 3585 2363 3645 hoc
2388 3586 2516 3656 fiat,
2566 3586 2754 3645 risum

555 3695 769 3746 movet.
853 3684 1026 3743 Unde
1054 3684 1247 3763 ipsum
1275 3702 1508 3760 quoque
1537 3683 1719 3741 risum
1766 3701 1969 3743 omnes
2019 3682 2139 3744 fere
2170 3682 2565 3760 antiquissimi
2609 3682 2755 3742 Phi-

553 3781 784 3861 losophi
834 3779 1143 3858 indignum
1191 3779 1458 3857 sapiente
1499 3778 1860 3857 judicarunt.
1947 3777 2115 3837 Adeo
2142 3787 2208 3837 ut
2235 3776 2431 3850 Plato,
2461 3786 2754 3857 tanquam

553 3877 925 3955 sacrilegum,
973 3875 1278 3935 traducere
1310 3894 1429 3936 non
1459 3875 1688 3934 dubitet
1719 3875 2060 3948 Homerum,
2105 3874 2208 3953 qui
2257 3873 2518 3934 ridentes
2566 3875 2754 3936 intro-

554 3973 722 4031 duxit
766 3972 926 4031 Deos
954 3992 969 4031 :
1014 3972 1175 4050 quod
1222 3974 1281 4030 in
1334 3971 1570 4030 homine
1600 3993 1720 4031 non
1747 3987 1840 4044 τῆς
1866 3976 2006 4030 κατὰ
2033 3975 2233 4046 λόγον,
2282 3990 2485 4032 verum
2512 3987 2609 4044 τῆς
2637 3977 2755 4032 κατ’

459 4101 466 4106 =
552 4071 835 4139 αἴσθησιν,
878 4067 1373 4145 quemadmodum
1405 4067 1748 4146 Philosophi
1795 4068 2139 4145 loquuntur,
2191 4063 2494 4126 διαθέσεως
2521 4067 2602 4126 sit
2628 4068 2754 4147 sig-

544 4184 690 4239 num
718 4184 733 4231 ;
780 4182 816 4222 a
862 4182 981 4240 qua
1009 4164 1183 4241 longe
1215 4164 1384 4221 abest
1415 4162 1579 4222 Deus
1607 4184 1620 4222 t
1667 4168 1804 4235 αὑτὴ
1834 4167 1866 4234 ἡ
1894 4168 2059 4223 οὐσία
2089 4158 2295 4238 λόγους
2336 4166 2425 4222 καὶ
2458 4166 2746 4225 αὐτ-ὅνους.

557 4259 725 4318 Unde
759 4258 1003 4335 Thespis
1027 4278 1042 4317 ε
1142 4311 1147 4316 .
