3050 4942
1261 368 1678 419 PRAEFATIO.
2524 361 2570 424 7
2597 406 2606 412 .

363 515 561 581 1490.
602 519 674 579 et
713 513 908 579 1512.
953 513 1345 595 Argentina,
1383 510 1570 577 Anni
1614 511 1811 579 1499.
1856 514 2272 580 Basileensis
2299 537 2388 583 ex
2427 518 2569 584 offi-

364 618 516 682 cina
545 616 991 696 Frobeniana,
1022 615 1205 681 Anni
1236 614 1434 682 1538.
1514 616 1981 700 Lugdunensis
2007 619 2201 684 1511.
2267 620 2567 686 Pictavi-

365 721 570 797 ensiS,
619 721 767 785 sine
813 739 988 785 anno
1038 719 1381 804 ascript03
1427 720 1842 786 Basileensis
1885 721 2118 798 altera,
2161 718 2344 787 Anni
2373 723 2566 789 1548.

361 819 787 887 Parisienses
816 823 998 901 duae,
1025 842 1113 887 ex
1145 821 1417 888 officina
1456 821 1636 886 Rob.
1677 823 2018 906 Stephani,
2065 843 2348 907 quarum
2389 827 2570 910 prior

362 921 561 988 Anno
589 924 786 990 1536.
814 925 890 988 in
918 925 1132 989 forma
1158 925 1477 1001 maxima,
1509 926 1717 990 altera
1744 924 1946 990 Anno
1973 928 2168 992 1540.
2197 929 2266 993 in
2294 930 2571 995 minima

362 1025 634 1109 prodiit·
703 1027 882 1092 Haec
913 1027 1188 1110 quidem
1208 1028 1420 1093 rarior
1448 1027 1733 1106 videtur,
1751 1030 2145 1114 paucisque,
2180 1020 2299 1114 qui
2321 1038 2571 1116 postea

359 1128 749 1194 Terentium
777 1131 1154 1208 ediderunt,
1200 1131 1523 1197 adhibita.
1611 1133 1820 1197 Porro
1851 1133 2339 1216 Lugdunensis,
2384 1154 2570 1201 more

361 1248 581 1314 prosae
612 1234 885 1317 scripta,
914 1233 1092 1299 Anni
1122 1235 1318 1300 1520.
1405 1236 1696 1314 Veneta,
1729 1236 1909 1300 Anni
1947 1236 2138 1301 1559.
2168 1236 2352 1321 apud
2386 1236 2569 1302 Pau-

359 1334 500 1399 lum
536 1336 946 1414 Munatium,
975 1334 1137 1401 Aldi
1179 1337 1307 1401 Fil.
1398 1337 1664 1402 Rursus
1698 1337 1985 1415 Veneta,
2019 1336 2199 1403 Anni
2237 1338 2432 1405 1521.
2476 1358 2567 1403 ex
2633 1400 2636 1403 .

359 1434 630 1502 officina
669 1436 861 1518 Aldi3
909 1440 1459 1522 AntverpiensiS,
1489 1438 1672 1506 Anni
1700 1439 1894 1505 1560.
1935 1446 2176 1523 praeter
2206 1441 2567 1506 Daventri-

355 1558 612 1617 ensem,
666 1540 954 1625 Gryphii
1008 1549 1075 1608 et
1124 1542 1171 1607 J
1177 1551 1509 1621 untarum,
1559 1561 1708 1606 cum
1759 1542 2093 1607 nonnullis
2143 1542 2324 1607 aliis.
2412 1544 2459 1609 J
2464 1564 2568 1608 os.

354 1642 694 1725 Scaligeri
725 1644 1110 1710 Editionem
1137 1646 1252 1711 diu
1284 1646 1535 1710 frustra
1574 1646 1930 1729 quaesitam
1971 1646 2198 1711 videre
2240 1646 2405 1709 mihi
2432 1664 2568 1710 non

354 1747 673 1829 contigit;
724 1766 944 1831 neque
994 1768 1154 1814 sane
1207 1749 1366 1833 quid
1411 1757 1831 1832 compertum
1878 1748 2049 1812 satis
2079 1748 2164 1812 de
2202 1768 2286 1812 ea
2327 1747 2567 1813 habeo.

355 1847 555 1927 Sunt,
587 1850 706 1933 qui
733 1850 993 1916 vidisse
1019 1872 1124 1929 se,
1151 1861 1306 1917 sunt
1332 1860 1400 1918 et
1427 1853 1548 1936 qui
1579 1852 1949 1936 aliquando
1979 1851 2372 1936 possedisse
2401 1850 2566 1915 mihi

353 1949 789 2017 affirmarunt.
862 1954 1019 2018 ‘Alii
1041 1975 1377 2040 nunquam
1405 1955 1747 2039 prodiisse
1773 1954 2200 2021 contendunt.

900 2083 942 2124 a*
1114 2082 1156 2126 ιιι
1329 2082 1372 2125 ηε
1552 2080 1595 2125 ιι
1770 2082 1811 2127 «a
1984 2080 2027 2125 ιι

443 2152 656 2220 Porro
703 2163 927 2222 autem
976 2158 1220 2242 insigni
1264 2160 1425 2225 mihi
1479 2159 1866 2244 adjumento
1897 2159 2190 2236 fuerunt,
2220 2177 2372 2242 quae
2418 2158 2564 2222 suis
2638 2196 2645 2203 ·

354 2256 731 2324 codicibus
770 2261 1220 2345 ascripserant
1256 2264 1499 2327 summi
1543 2262 1717 2340 Viri,
1765 2261 2106 2327 Gerardus
2153 2259 2561 2333 Falkenbur-

355 2361 534 2444 giuS,
562 2362 609 2427 J
612 2382 781 2427 anus
810 2363 1159 2440 Gruterus,
1182 2364 1588 2431 Franciscus
1619 2364 1953 2450 Guyetus,
1975 2363 2371 2428 Theodorus
2396 2362 2562 2427 Pul-

353 2482 682 2546 mannus;
729 2470 901 2549 quos
948 2467 1116 2532 mihi
1169 2466 1464 2534 Codices
1517 2486 1771 2546 omnes,
1818 2472 2063 2552 praeter
2092 2466 2400 2550 primum,
2445 2466 2564 2549 qui

351 2572 446 2629 ex
477 2566 797 2632 Editione
827 2568 1141 2636 Matthiae
1174 2571 1402 2654 Bergii
1431 2570 1951 2636 Brunsvicensis
1989 2569 2243 2653 prodiit
2284 2568 2562 2653 Lipsiae,

351 2667 564 2733 Anno
609 2671 803 2736 1574.
855 2679 925 2736 et
974 2681 1276 2738 servatur
1317 2674 1388 2738 in
1434 2674 1862 2738 Bibliotheca
1888 2673 2166 2755 publica
2207 2671 2562 2753 Lugdune-

349 2770 651 2850 Batava,
694 2773 1034 2839 indefessa
1075 2796 1242 2840 cura
1278 2775 1681 2840 conciliavit
1729 2773 1857 2838 Vir
1902 2775 2220 2857 optimus,
2263 2773 2561 2839 Thomas

349 2875 794 2956 salamonius,
841 2879 1440 2963 Typographornm
1492 2897 1793 2943 meorum
1837 2878 2029 2942 alter.
2116 2875 2199 2939 In
2248 2875 2336 2940 iis
2380 2875 2563 2939 enim

349 2996 490 3042 non
520 2998 742 3062 pauca
770 2981 1040 3045 minime
1068 2981 1396 3063 vulgaria,
1443 2985 1622 3046 certe
1668 2980 1827 3045 ante
1871 2979 2049 3043 hunc
2087 2977 2266 3042 diem
2293 2974 2564 3041 ἀνέκδοτοι

347 3082 594 3166 reperi.
644 3081 834 3148 Licet
845 3085 1021 3149 enim
1033 3086 1384 3151 Boeclerus
1400 3085 1656 3149 dudum
1673 3083 1956 3147 ediderit
1972 3080 2377 3166 Guyetiana‚
2393 3079 2564 3144 mul·
2581 3100 2594 3111 ·

351 3184 446 3248 tis
474 3191 696 3249 tamen
725 3187 1028 3269 partibus
1066 3187 1259 3270 plura
1285 3178 1589 3271 ejusdem
1618 3185 2075 3250 Eruditissimi
2103 3182 2257 3248 Viri
2288 3182 2565 3265 reliquit

352 3287 630 3352 inedita.
722 3288 941 3354 Usum
971 3297 1201 3353 autem
1220 3289 1605 3354 Boec'lerum
1626 3288 1866 3353 eodem
1895 3288 2028 3354 hoc
2057 3285 2340 3363 Codice,
2366 3292 2560 3350 tanto

354 3391 576 3472 magis
599 3390 762 3455 mihi
790 3391 866 3456 fit
888 3392 1280 3470 verisimile,
1305 3391 1512 3475 quod,
1542 3411 1697 3476 quae
1730 3390 1965 3468 edidit,
2007 3391 2108 3455 ita
2136 3387 2373 3453 eadem
2404 3391 2563 3457 sunt

357 3512 510 3556 cum
541 3494 793 3575 glossis
823 3495 1001 3560 Mss,
1032 3502 1112 3559 ut
1138 3496 1414 3559 verbum
1443 3495 1531 3559 de
1558 3497 1767 3560 verbo
1790 3512 2182 3578 expressum
2225 3490 2558 3557 videatur.

358 3592 538 3673 Quae
571 3596 769 3662 edere
803 3598 1126 3680 neglexit,
1172 3616 1465 3682 quaeque
1513 3617 1691 3662 nunc
1733 3598 2020 3680 primum
2049 3615 2092 3660 a
2118 3595 2224 3660 me
2252 3592 2558 3669 eduntur,

355 3698 450 3762 ita
481 3706 674 3763 erant
699 3701 970 3765 minutis
997 3699 1289 3765 literulis
1317 3702 1600 3784 scripta,
1646 3707 1722 3765 ut
1758 3698 2132 3764 mirandum
2168 3713 2301 3759 non
2343 3695 2454 3773 sit,
2497 3693 2564 3757 si

356 3807 587 3867 tantus
619 3802 777 3882 Vir,
798 3805 1139 3888 tantisque
1169 3805 1455 3886 negotiis
1505 3803 1853 3870 districtus
1902 3819 2131 3865 eorum
2185 3799 2413 3864 sensui
2449 3800 2557 3864 in·-

356 3904 667 3987 dagando
693 3907 1103 3991 supersedit,
1192 3908 1260 3973 N
1265 3926 1393 3981 unc
1415 3927 1577 3974 vero
1606 3907 1914 3971 foliorum
1943 3903 2276 3987 margines
2305 3903 2405 3968 ita
2432 3923 2557 3989 pu-

354 4008 612 4073 tredine
642 4010 831 4073 exesi
861 4014 1031 4090 sunt,
1060 4017 1137 4076 ut
1166 4030 1341 4095 aegre
1372 4009 1731 4075 admodum
1773 4008 2114 4073 literarum
2139 4007 2430 4088 vestigia
2451 4005 2559 4071 vel

356 4111 447 4174 ab
479 4112 804 4177 acerrimo
848 4114 1051 4179 oculo
1096 4117 1262 4180 satis
1309 4114 1915 4199 deprehendantur.
2003 4106 2427 4194 Quanquam,
2457 4109 2558 4174 di-

355 4230 507 4277 cam
536 4215 732 4294 enim,
762 4216 1083 4300 quoniam
1112 4219 1361 4285 mentio
1389 4218 1475 4284 de
1505 4216 1780 4311 Guyeto
1813 4215 2066 4295 incidit,
2097 4214 2401 4280 acerbior
2441 4213 2557 4278 ille
