3050 4942
1233 373 1648 431 ruffi-mmo.
2454 363 2542 427 15

341 521 781 599 manuscrits,
805 541 936 605 que
964 521 1135 587 dans
1164 521 1268 587 les
1315 523 1703 608 imprimes;
1747 502 1930 586 mais'
1968 521 2116 586 cela
2164 523 2372 588 seroit
2420 542 2539 589 en-

337 643 652 706 nuyeux3
697 644 869 691 nous
894 623 1177 692 n’avons
1227 644 1358 709 pas
1405 622 1834 709 aujourd'hui
1883 622 2153 689 l’oreille
2183 645 2380 690 assez
2407 625 2542 691 fine

337 745 510 809 pour
544 725 745 809 juger
774 727 859 791 de
906 731 1081 795 cette
1112 726 1488 793 difference.
1579 725 1667 792 Et
1700 744 1883 809 pour
1930 745 2005 790 ce
2034 728 2152 808 qui
2198 733 2302 792 est
2341 728 2425 792 de
2471 728 2542 793 la

337 847 604 899 mesura
635 829 758 897 des
774 829 975 908 Vers,
1006 831 1056 896 il
1083 851 1255 896 nous
1282 832 1516 905 sieroit
1542 830 1677 895 mal
1705 830 1790 893 de
1818 829 2082 894 vouloir
2109 829 2273 894 faire
2294 830 2399 897 les
2421 826 2541 894 de«
2597 858 2604 863 ’

337 927 540 999 licats
570 949 687 996 sur
713 951 845 999 une
875 933 1197 1012 cadence,
1246 933 1362 1017 qui
1391 933 1561 997 etoit
1588 938 1885 1015 tres-peu
1930 931 2219 995 sensible
2250 930 2341 994 du
2372 919 2545 996 tems

337 1032 560 1105 meme
590 1033 675 1097 de
709 1033 1013 1114 Ciceron,
1060 1042 1133 1103 et
1176 1036 1466 1119 que.les
1513 1035 1667 1118 plus
1698 1033 1936 1116 grands
1969 1034 2431 1098 connoisseurs
2457 1050 2544 1098 ne

341 1133 754 1201 demeloient
782 1137 1064 1220 qu’avec
1093 1140 1450 1222 beaucoup
1475 1139 1561 1203 de
1589 1134 1846 1220 peine.',
1872 1136 2334 1200 Lucubrentur
2356 1154 2545 1214 sane,-

341 1237 698 1302 mordeant
726 1258 1009 1321 ungues,
1039 1241 1393 1317 extricent,
1439 1260 1643 1325 quam
1672 1239 1901 1318 velint,
1951 1237 2101 1302 Viri
2140 1238 2355 1315 docti,
2393 1238 2545 1322 qui÷

341 1341 473 1404 bus
506 1342 713 1404 otium
745 1348 888 1422 θεῖς
916 1348 1058 1409 tum
1089 1342 1356 1409 demum
1376 1362 1538 1409 vera
1558 1361 1783 1407 eorum
1806 1340 2025 1425 gloria
2053 1341 2544 1425 praedicabitur,

342 1443 462 1506 ubi
492 1443 854 1511 utilitatem
893 1444 1064 1529 eJus‚
1112 1445 1295 1529 quod
1326 1445 1629 1523 fecerint,
1675 1445 2164 1528 approbabunt,
2209 1441 2545 1509 fortunas-

344 1564 481 1627 que
513 1544 809 1611 Graeciae
841 1547 911 1611 in
934 1567 1017 1610 eo
1048 1549 1240 1625 verti,
1271 1547 1822 1611 demonstrabunt
1849 1547 2142 1629 publice.
2189 1544 2546 1611 Enimvero

340 1654 618 1714 tueatur
650 1649 806 1731 quis
835 1649 961 1714 rite
993 1657 1253 1717 ceteras
1276 1658 1535 1735 parteS,
1555 1655 1623 1715 et
1645 1648 1869 1713 facilis
1900 1649 2389 1713 intricatissimi
2406 1669 2545 1714 me-

343 1752 430 1813 tri
470 1749 739 1833 jactura
778 1753 943 1833 erit;
991 1754 1160 1817 satis
1209 1775 1282 1818 se
1337 1773 1672 1838 superque
1720 1752 1882 1816 viva
1930 1770 2191 1814 morum
2239 1750 2547 1833 imagine,

340 1853 649 1938 stylique
679 1854 1009 1937 elegantia
1039 1857 1531 1921 commendabit
1556 1854 1928 1919 Terentius·
2018 1852 2163 1934 Ego
2207 1853 2426 1934 igitur,
2455 1874 2541 1918 ne

341 1956 506 2040 quid
552 1957 873 2022 adversus
904 1957 1149 2041 Legem
1180 1959 1588 2037 Corneliam,
1620 1977 1777 2041 quae
1825 1963 1930 2020 est
1960 1954 2044 2019 de
2098 1954 2331 2032 Falso,
2362 1976 2545 2020 eom-

339 2063 675 2124 mitterem
704 2060 1004 2142 publice,
1036 2082 1270 2146 meque
1301 2062 1589 2145 turpiter
1605 2061 1853 2137 darem,
1871 2058 1955 2121 de
1980 2057 2197 2121 Metro
2221 2076 2547 2140 perparce

344 2161 655 2227 disserui.
746 2162 991 2246 Neque
1039 2166 1213 2229 enim
1264 2171 1370 2230 est
1419 2170 1743 2240 nostrum,
1791 2180 1946 2245 quae
1998 2179 2203 2243 super
2236 2179 2319 2222 eo
2347 2180 2547 2243 argu-

342 2272 578 2329 mento
605 2266 777 2333 inter
807 2265 1187 2346 Erasmum,
1219 2266 1960 2350 ScaligerumPatrem,
1990 2261 2547 2345 Antesignanum,

344 2364 781 2445 Glareanum,
813 2367 1241 2448 Goveanum‚
1270 2369 1699 2454 Scioppium,
1738 2356 1997 2451 Tanaq'.
2025 2365 2341 2443 Fabrum‚
2381 2365 2427 2430 J
2431 2386 2549 2432 oa*

344 2467 634 2535 chimum
680 2468 1155 2548 Camerarium,
1188 2471 1557 2557 Guyetum,
1607 2471 1803 2547 alim,
1836 2488 2222 2552 quanquam
2262 2470 2366 2533 uti
2411 2458 2551 2535 non

345 2571 674 2654 aequaleS,
708 2573 808 2636 ita
835 2593 961 2638 nec
993 2594 1115 2657 per
1144 2576 1370 2645 omnia
1399 2592 1624 2659 pareS,
1658 2573 1827 2637 satis
1865 2572 2116 2636 acriter
2144 2578 2303 2664 sunt
2334 2571 2549 2653 agita⁶

342 2678 459 2751 tae,
490 2693 891 2758 componere
921 2676 1096 2742 lites.
1184 2676 1344 2756 Quo
1390 2678 1650 2759 saepius
1696 2681 1919 2739 autem
1950 2673 2341 2737 Terentium
2372 2673 2549 2755 lego,

343 2794 430 2841 eo
478 2778 698 2859 magis
743 2777 821 2843 fit
864 2778 1028 2843 mihi
1081 2779 1468 2857 verisimile,
1512 2776 2089 2859 elegantissimum
2144 2774 2549 2858 Scriptorem

342 2879 711 2950 honestate
739 2881 1089 2945 verborum
1111 2881 1519 2946 delectatum
1549 2879 1854 2944 salebras
1879 2896 2187 2942 versuum
2218 2892 2552 2960 superare,

344 2999 550 3065 quam
583 2982 948 3066 quicquam
1000 2983 1083 3047 de
1132 2991 1318 3048 recto
1349 2981 1868 3067 compositionis
1900 2980 2167 3044 tramite
2201 2978 2553 3042 deflectere

345 3083 694 3148 maluisse.
781 3085 872 3151 Et
897 3085 1230 3170 profecto,
1262 3092 1587 3169 quantum
1617 3083 1881 3148 decoris
1907 3080 2237 3164 Virgilius
2284 3099 2371 3144 ex
2406 3080 2553 3148 Ho-

344 3185 515 3251 meri
542 3186 916 3255 imitatione
944 3195 1353 3253 consecutus
1380 3192 1517 3267 est,
1539 3192 1795 3252 tantum
1825 3205 1863 3249 e
1894 3183 2249 3249 Menandri
2278 3200 2552 3265 expres·

348 3287 540 3355 sione
569 3287 949 3366 Terentius»,
1001 3296 1123 3360 aut
1173 3290 1333 3372 plus
1387 3310 1497 3354 eo.
1584 3287 1842 3352 Contra
1872 3287 1931 3350 si
1963 3286 2080 3369 qui
2114 3284 2427 3361 sentiunt,
2457 3286 2552 3347 nil

349 3390 669 3455 sentiunt.
755 3387 1063 3455 Audiant
1089 3391 1241 3457 haeo
1282 3393 1395 3482 vel
1425 3390 1725 3457 V-olcatii
1754 3388 2042 3471 Sedigiti
2094 3387 2359 3466 Manes,
2407 3386 2552 3469 pal-2

350 3511 554 3569 mam,
582 3491 898 3556 Terentio
931 3494 1253 3573 debitam,
1283 3493 1569 3559 Caecilio
1589 3494 1837 3558 dantis.
1886 3491 2191 3557 Ducatur
2215 3509 2377 3554 sane
2398 3488 2552 3552 huic

346 3593 557 3672 laudi,
584 3601 863 3658 auctore
890 3595 1205 3675 Horatio,
1238 3596 1569 3680 gravitate
1593 3597 1868 3673 vicisse,
1898 3592 2099 3659 modo
2128 3593 2211 3657 de
2250 3590 2415 3657 Arte
2464 3589 2552 3652 lis

349 3696 535 3760 nulla
559 3703 912 3761 moveatur
943 3696 1224 3764 Nostro.
1313 3698 1717 3783 Quanquam
1739 3699 1890 3783 quis
1919 3699 1986 3762 in
2018 3696 2241 3760 Soceo
2263 3691 2554 3774 gravita-

349 3806 491 3862 tem
519 3796 850 3862 Gothumi
878 3818 1282 3883 magnopere
1332 3801 1742 3871 admiretur?
1831 3798 2034 3863 Certe
2064 3795 2335 3879 quidem
2365 3798 2552 3857 tenu·

352 3882 595 3965 itatem‘
625 3901 957 3964 sermonis
988 3903 1058 3965 in
1087 3900 1463 3967 Comoediis
1481 3899 1748 3965 Graecis
1774 3898 2264 3978 Quintilianum
2286 3894 2555 3960 laudas*

353 4021 425 4067 se
485 4004 822 4068 novimus.
917 4000 1113 4067 Unde
1166 4003 1445 4068 dubium
1494 4002 1756 4067 nullum
1811 4005 1937 4078 est,
1989 4017 2380 4063 mansurum·
2419 3996 2551 4060 Te-

351 4104 565 4171 rentio
597 4124 791 4169 suum
820 4104 1161 4184 bonorem,
1194 4104 1456 4170 Latinis
1505 4104 1663 4169 dum
1712 4104 2011 4169 manebit
2060 4103 2342 4185 pretium
2373 4098 2554 4162 Lite-

356 4224 471 4273 ris.
