3050 4942
527 339 656 406 308
1360 355 1861 406 ARGUMENTA.

590 511 741 563 quem
766 507 860 561 per
881 497 993 565 ejas
1018 495 1300 546 absentiam
1320 496 1415 546 sibi
1435 499 1681 548 meretrix
1703 498 2044 560 conciliarum
2074 494 2365 563 affirmavit,
2378 514 2434 551 se
2454 513 2556 550 non
2575 506 2704 552 aute

591 578 829 627 daturum
864 577 1163 639 promissam
1191 576 1452 639 virginem,
1475 592 1625 642 quam
1647 578 1800 628 Thais
1819 578 1957 630 foras
1978 580 2213 630 emulum
2235 581 2539 645 pepulisset.
2602 582 2716 633 lua

591 658 772 720 igitur,
795 656 895 706 etsi
917 663 1115 706 amaret
1136 656 1447 720 Phaedriam,
1485 658 1771 719 cupiditate
1813 664 1985 708 tamen
2017 661 2384 724 recuperandae
2409 661 2614 724 virginis
2649 667 2709 711 et

592 738 720 787 civis
743 736 953 797 Atticae,
982 743 1038 786 et
1055 751 1207 800 quam
1229 751 1259 785 a
1282 737 1492 800 parvula
1516 743 1572 786 ut
1596 753 1818 788 sororem
1842 738 2117 803 dilexerat,
2140 742 2371 793 excludit
2393 743 2706 793 Pliaedriam.

554 826 561 831 '
591 818 731 868 Hinc
754 817 843 866 ille
876 816 1046 880 primo
1073 816 1342 866 irascitur:
1380 824 1493 880 post
1517 825 1739 881 accepta
1770 816 1901 868 facti
1934 819 2153 887 ratione,
2188 835 2217 870 a
2245 822 2445 871 Thaide
2477 822 2704 872 lenitur:

591 902 645 947 et
668 898 722 946 in
741 895 886 946 bidui
909 895 1132 960 spatium
1165 907 1352 960 sponte
1376 894 1665 946 concedens
1687 897 1856 961 militi,
1881 913 1966 948 rus
1987 899 2368 963 proficiaeltur:
2404 900 2706 966 statimque,

583 993 654 1029 :ne
671 978 738 1028 ah
759 978 940 1028 anulo
961 975 1257 1027 muneribus
1279 985 1632 1040 superaretur,
1654 979 1955 1029 Eunuchum
1976 986 2032 1029 et
2053 981 2279 1044 puellam
2298 982 2611 1033 Parmenoai
2620 982 2709 1046 jn-

554 1115 560 1119 ,
590 1060 683 1111 bet
703 1058 883 1111 abiens
902 1058 971 1109 ad
997 1057 1251 1108 Thaidem
1274 1058 1554 1111 deducere.
1618 1060 1811 1109 Verum
1834 1059 2050 1110 Chaerea
2084 1060 2246 1111 frater
2283 1062 2538 1112 Phaedriae
2578 1069 2708 1127 tune

593 1140 836 1205 ephebus,
851 1140 960 1189 visa
982 1140 1034 1188 in
1055 1139 1137 1188 via
1159 1139 1379 1201 virgine,
1396 1138 1738 1191 inflammatur
1759 1155 1931 1191 amore
1953 1141 2065 1204 ejus
2084 1157 2100 1202 ;
2132 1148 2287 1206 atque
2323 1156 2387 1192 eo
2417 1143 2586 1193 evasit
2618 1158 2709 1192 ve-

590 1221 817 1270 hementi
840 1219 1042 1283 ardore,
1066 1225 1126 1268 nt
1148 1234 1243 1284 pro
1269 1220 1515 1270 Eunucho
1537 1221 1650 1285 ipse
1670 1221 2013 1272 deduceretur
2047 1221 2113 1271 ad
2148 1223 2411 1275 Thaidem.
2482 1223 2598 1272 Hac
2621 1237 2710 1272 oc-

592 1300 798 1351 casione
823 1300 1005 1350 vitiata
1025 1299 1190 1364 virgo,
1209 1307 1266 1350 et
1287 1313 1404 1349 mox
1427 1300 1574 1363 civis,
1606 1307 1662 1350 et
1683 1300 1865 1351 nobilis
1884 1301 2110 1365 cognita,
2132 1301 2284 1352 datur
2306 1314 2440 1353 uxor
2463 1302 2712 1352 Chaereae.

592 1380 832 1431 ledria
859 1394 983 1431 vero
1021 1387 1078 1430 et
1107 1381 1255 1430 miles
1290 1380 1495 1438 rivales,
1536 1380 1687 1431 ambo
1720 1379 2004 1431 concordes
2043 1395 2140 1445 per
2176 1380 2457 1445 parasitum
2497 1381 2711 1445 redditi,

591 1462 848 1513 communi
870 1463 1035 1511 amica
1055 1461 1166 1512 sine
1185 1463 1471 1512 certamine
1494 1461 1786 1526 potiuntur.
1847 1462 1914 1511 In
1933 1462 2100 1525 primo
2121 1468 2245 1511 actu
2266 1461 2516 1511 Phoedrie
2531 1462 2711 1511 exelu-

591 1554 678 1593 sus
699 1557 730 1592 a
743 1542 959 1606 Thaide,
980 1548 1037 1594 et
1056 1554 1231 1593 secam
1249 1542 1431 1607 primo,
1463 1550 1523 1592 et
1550 1556 1670 1592 mox
1689 1556 1808 1593 curn
1829 1542 2151 1594 Parmenone
2173 1542 2508 1607 conqueritur
2545 1539 2714 1592 fortu-

589 1637 682 1673 nas
704 1637 859 1673 suas.
892 1629 951 1672 et
970 1622 1035 1673 ad
1059 1629 1369 1687 postremum
1388 1637 1558 1673 coram
1581 1629 1791 1673 accusat
1810 1621 2074 1674 Thaidem.
2140 1622 2336 1673 Rursus
2360 1623 2713 1687 permulcetur

589 1704 657 1754 ab
678 1703 878 1767 eadem,
901 1711 958 1754 et
979 1705 1244 1753 voluntate
1262 1703 1577 1770 digrediens,
1595 1718 1684 1753 rus
1710 1718 1826 1753 sese
1847 1717 2214 1755 concessurum
2236 1703 2289 1752 in
2314 1702 2541 1771 spatium
2568 1703 2714 1752 bidui

592 1799 705 1836 esse
727 1786 1001 1851 promittit.
1069 1785 1338 1836 Secundus
1375 1792 1544 1849 actus,
1583 1783 1958 1849 profectionem
1995 1783 2253 1835 Phaedriae
2286 1782 2541 1847 continet,
2572 1781 2711 1834 dele·

591 1865 761 1928 gantis
782 1879 932 1916 servo
953 1863 1320 1915 deductionem
1343 1865 1579 1916 Eunuchi
1601 1872 1656 1915 et
1676 1864 1861 1929 puellm
1886 1865 1952 1914 ad
1973 1863 2259 1924 Thaidem3
2292 1869 2402 1912 tum
2427 1861 2712 1926 parasitum

589 1946 906 2011 loquentem,
925 1958 1021 2009 per
1040 1959 1190 2010 quem
1211 1946 1357 2009 virge
1375 1960 1408 1995 a
1428 1945 1596 1995 milite
1612 1945 1750 1995 dono
1778 1946 1957 1996 amica
1984 1945 2142 1994 missa
2162 1948 2275 1993 est·
2260 1979 2276 2006 ,
2309 1950 2421 1993 tum
2449 1943 2712 1993 interven·
2767 1946 2778 1955 '

587 2032 698 2077 tum
724 2026 955 2077 Chaereoe
979 2028 1200 2078 mantis
1221 2027 1491 2092 virginem,
1513 2026 1847 2092 ejusdemque
1864 2041 1982 2077 cum
2004 2026 2330 2076 Parmenone
2350 2020 2623 2082 consilium
2645 2023 2712 2072 de

589 2106 772 2156 eadem
796 2107 1038 2171 potienda
1059 2121 1154 2172 per
1179 2106 1435 2157 fallaciam
1455 2123 1471 2156 ε
1507 2107 1632 2171 quia
1648 2121 1745 2171 pro
1777 2107 2027 2157 Eunucho
2045 2106 2161 2170 ipse
2177 2104 2485 2169 supponitur
2505 2102 2712 2178 Thaidi.

587 2185 796 2236 Tertius
812 2193 958 2235 actus
981 2187 1334 2236 characterem
1358 2187 1602 2250 exprimit
1623 2186 1801 2237 militis
1822 2194 1878 2237 et
1900 2174 2113 2252 parasiti
2136 2200 2232 2250 per
2263 2184 2535 2234 ridiculum
2558 2183 2715 2233 collo-

591 2265 796 2330 quium:
834 2270 940 2314 tum
972 2265 1327 2315 invitationem
1358 2267 1423 2315 ad
1450 2281 1649 2315 coenam
1684 2266 1922 2317 Thaidis:
1957 2274 2064 2317 tum
2103 2265 2416 2317 oblationem
2451 2265 2593 2313 velut
2616 2263 2718 2313 Eu-

589 2345 746 2394 nuchi
767 2345 996 2395 Chaereae
1019 2350 1076 2394 et
1106 2345 1290 2409 puellae
1313 2360 1378 2394 ex
1396 2345 1660 2410 AEthiopia
1682 2361 1775 2410 per
1793 2348 2172 2397 Parmenonem
2199 2344 2425 2395 factam:
2463 2350 2571 2394 tum
2604 2358 2717 2393 ver·

589 2424 660 2475 ba
680 2425 969 2475 Chremetis
989 2425 1058 2475 ad
1088 2425 1331 2475 Thaidem
1353 2427 1627 2491 venientis,
1668 2428 2008 2493 perductique
2030 2428 2097 2478 ad
2119 2427 2334 2477 militem
2354 2442 2369 2474 τ
2407 2423 2718 2488 Antiphoni·

591 2504 924 2571 Chaereaeque
947 2506 1251 2572 colloquium
1270 2507 1337 2558 de
1359 2507 1540 2557 vitiata
1560 2522 1658 2571 per
1676 2508 1850 2558 delum
1876 2508 2094 2572 virgine.
2160 2507 2223 2557 In
2245 2510 2433 2571 quarto
2465 2510 2585 2555 actu
2609 2504 2714 2553 Do·

587 2586 693 2636 rias
710 2587 914 2637 nuntiat
924 2587 1153 2652 ,iurgium
1171 2587 1307 2636 iuter
1326 2588 1542 2637 militem
1565 2595 1623 2638 et
1638 2588 1887 2639 Thaidem
1906 2604 1919 2638 =
1954 2595 2063 2637 tum
2083 2586 2306 2643 reditum
2325 2584 2486 2635 habet
2504 2599 2571 2634 ex
2591 2583 2717 2634 villa

591 2666 870 2729 Phaedriae,
894 2674 949 2715 et
965 2668 1223 2730 querelam
1248 2667 1448 2730 Pythian
1472 2667 1539 2717 de
1559 2668 1739 2717 vitiata
1762 2668 1960 2741 virgine
1983 2667 2123 2730 apud
2146 2665 2472 2716 Phaedriam:
2511 2670 2566 2713 et
2587 2677 2714 2713 eun-

591 2744 708 2795 dem
743 2752 1039 2809 stupentem
1059 2746 1195 2811 quod
1219 2746 1499 2797 audiebatt
1532 2762 1761 2798 errorem
1783 2747 1913 2797 ebrii
1936 2748 2254 2798 Chremetisa
2278 2752 2337 2795 et
2367 2743 2531 2793 verba
2563 2747 2716 2806 petu-

587 2825 755 2875 lantia
785 2825 1003 2875 Thaidis
1039 2826 1311 2876 adversum
1344 2827 1581 2889 militem,
1619 2833 1676 2876 et
1711 2827 1890 2874 militis
1922 2826 2192 2875 adversum
2215 2822 2496 2874 Thaidem:
2532 2828 2716 2886 parata

588 2905 790 2968 praelia,
813 2905 1129 2969 ridiculeque
1151 2906 1405 2969 deposita.
1450 2908 1673 2959 Quintus
1698 2913 1846 2956 actus
1864 2907 1976 2957 haec
1989 2908 2254 2957 continet:
2277 2904 2546 2969 querelam
2566 2902 2718 2952 Thai·

590 2984 668 3032 dis
689 2984 757 3033 de
787 2984 971 3033 vitiata
989 2985 1207 3048 virgine,
1230 2987 1401 3049 primo
1417 3002 1536 3037 eum
1557 2988 1769 3052 Pyfflie,
1805 2997 1988 3051 postea
2022 3002 2140 3037 cum
2173 2987 2288 3050 ipso
2310 2985 2565 3034 Chaerea.
2601 2990 2716 3033 tum

587 3064 936 3113 interventum
969 3064 1258 3115 Chremetis
1301 3075 1458 3131 atque
1494 3069 1740 3118 nutricis·
1776 3074 1883 3118 tum
1909 3066 2350 3143 perturbationem
2370 3062 2716 3113 Parmenonis

590 3154 688 3204 per
708 3139 880 3191 dolum
914 3143 1150 3208 Pythian
1186 3153 1346 3210 atque
1377 3148 1487 3213 ejus
1518 3149 1716 3198 indicio
1737 3162 1833 3213 per
1850 3161 2048 3210 senem,
2079 3147 2167 3212 qui
2198 3154 2317 3194 rure
2340 3151 2467 3193 tunc
2489 3142 2716 3197 advene·

591 3227 694 3283 rat,
716 3219 1040 3272 confirmatas
1063 3227 1300 3288 nuptias.
1337 3234 1396 3278 et
1418 3228 1486 3278 ad
1510 3224 1746 3279 ultim'um
1786 3229 2010 3280 reditum
2040 3229 2096 3295 in
2133 3224 2351 3291 gratiam
2382 3221 2564 3273 militis
2597 3235 2716 3272 cum

592 3308 834 3366 Phaedria
855 3317 912 3361 et
933 3310 1164 3363 Chaerea.

1310 3512 1919 3557 ..Ἤ

870 3686 1273 3736 ΕΧΡΟΒῙΤΙΟ
1318 3689 1582 3737 Tl'l’nm
1630 3690 1784 3739 CUM
1834 3684 2373 3740 ARGUMENTO.‘

527 3831 684 3884 Aera
701 3834 836 3884 ludia
855 3837 1260 3901 Megalensibus.
1309 3838 1394 3887 Ite
1415 3849 1498 3887 est
1508 3838 1846 3901 jnngendnm.
1898 3838 2039 3888 Acta
2059 3847 2160 3904 est,
2180 3839 2404 3888 recitata
2421 3842 2503 3886 est
2522 3835 2718 3886 Gra-u

588 3914 786 3964 Fabula
817 3917 1095 3967 Menandri
1135 3918 1202 3967 de
1235 3919 1489 3975 eunucho,
1521 3918 1700 3981 Lucio,
1736 3918 2027 3980 Postumio,
2061 3917 2291 3979 Albino„
2306 3917 2564 3976 Cornelio,
2596 3913 2719 3962 ste-

591 3993 702 4041 rula
724 3995 1256 4050 aedilibuseurulibus.
1320 3999 1513 4048 AEdiles
1534 3997 1760 4061 curules,
1786 4002 1873 4065 qui
1895 4006 2046 4049 erant
2064 3999 2206 4064 apud
2228 4000 2505 4061 Ramnes,
2536 3992 2717 4056 1183Βὶ

905 4165 933 4209 1
970 4160 1104 4214 Haec
1134 4163 1448 4216 extraximus
1472 4164 1539 4215 ab
1557 4163 1800 4216 Editione
1822 4167 2130 4232 Brunsiana,
2151 4182 2203 4231 p.
2228 4171 2341 4217 153.
