3050 4942
528 385 658 455 502
1272 403 1335 450 ι’.
1381 399 1752 449 venerim
1799 401 1975 450 Arm
2055 391 2066 434 ἱ

532 549 828 617 Infelix!
858 549 1188 634 siquidem
1218 554 1294 611 tu
1323 548 1515 613 istaec
1547 566 1705 612 vera
1731 543 2083 631 praedicas.

534 654 719 719 Num
748 652 819 717 id
848 651 1181 736 lacrymat
1207 651 1392 734 virgo
1415 651 1446 715 'i
1536 648 1674 713 ΡΥ.
1722 648 1805 713 Id
1848 649 2109 733 opinor.
2197 646 2338 711 ΤΗ.
2386 646 2569 727 Quid
2600 650 2666 715 ai
2680 669 2740 727 S,

502 793 505 796 ¹
795 754 1125 837 sacrilega
1145 755 1175 817 ‘t

535 859 869 924 Istuccine
898 856 1325 922 interminata
1350 875 1519 934 sum,
1550 853 1704 920 hinc
1736 854 1993 934 abienS,
2024 853 2194 919 tibi‘t
2709 937 2722 944 θ

535 961 676 1025 ΡΥ.
721 959 904 1039 Quid
936 957 1272 1024 facerem?
1303 959 1401 1022 ita
1430 962 1503 1023 ut
1532 966 1604 1021 tu
1630 957 1824 1042 justi,
1858 957 1990 1021 soli
2021 956 2278 1021 credita
2305 955 2410 1021 'st.
2649 955 2736 1020 15

533 1064 677 1128 ΤΗ.
723 1063 1053 1141 Scelesta,
1081 1061 1251 1146 lupo
1281 1079 1478 1125 ovem
1509 1059 1943 1125 commisisti:
1977 1059 2310 1144 dispudet,

537 1166 654 1231 Sic
684 1166 845 1230 mihi
873 1165 1031 1230 data
1057 1184 1207 1229 esse
1238 1164 1458 1228 verba.
1549 1161 1732 1242 Quid
1759 1163 1901 1227 illic
1930 1161 2219 1225 hominis
2245 1167 2348 1225 est
2367 1162 2399 1223 't

538 1268 677 1334 ΡΥ.
727 1268 915 1333 Hera
944 1287 1114 1346 mea,
1146 1274 1342 1348 tace:
1374 1274 1553 1344 tace,
1583 1269 1871 1331 obsecro
1898 1285 1917 1346 ς
1946 1265 2156 1329 salvae
2186 1282 2456 1328 sumus:

540 1359 892 1435 Habemus
926 1369 1262 1433 hominem
1290 1369 1535 1453 ipsum.
1624 1367 1764 1435 ΤΗ.
1809 1367 2040 1432 Ubiis
2069 1355 2228 1432 est'l
2321 1367 2461 1431 ΡΥ.
2508 1365 2690 1430 Hem
2727 1351 2745 1414 ἵ

797 1472 885 1537 ad
917 1473 1251 1537 sinistram
1282 1493 1298 1537 τ

540 1567 887 1639 Videsne?
975 1575 1117 1641 ΤΗ.
1162 1575 1404 1642 Video.
1492 1575 1634 1639 ΡΥ.
1682 1562 2170 1658 Comprehendi
2199 1571 2383 1657 jube,
2414 1575 2738 1655 quantum

799 1684 1042 1763 potest.
2593 1703 2604 1712 ·
2652 1673 2738 1738 20

540 1812 644 1861 ΤΗ.
680 1813 808 1861 Hem
824 1811 851 1863 Ι
880 1812 1064 1863 Misera
1083 1813 1267 1873 interii,
1297 1813 1342 1862 si
1380 1819 1433 1864 ta
1459 1814 1632 1875 infelix
1651 1813 1838 1878 quidem
1867 1812 1964 1861 ista
1997 1826 2103 1862 vere
2122 1823 2466 1860 commemoras.
2532 1807 2617 1857 Aa
2638 1808 2741 1859 ideo

541 1877 680 1938 virgo
715 1878 948 1942 lacrymas
972 1879 1178 1938 fundit?
1241 1878 1347 1929 ΡΥ.
1392 1880 1456 1929 Id
1487 1881 1709 1928 arbitror.
1775 1879 1880 1928 Tu.
1934 1877 2066 1933 Quid
2102 1876 2194 1934 ais,
2236 1876 2467 1935 sacrilega
2483 1871 2510 1924 ζ’
2569 1873 2742 1923 Nonne

540 1941 673 1990 istud
692 1942 783 1990 tibi
799 1942 959 1993 abiens
989 1945 1170 1993 minata
1191 1943 1436 2019 inum-avi,
1461 1959 1521 1993 ne
1544 1945 1619 1993 vir
1647 1945 1892 2009 qaisquam
1912 1944 1975 1990 ad
1994 1957 2098 1992 eam
2111 1943 2265 1990 adiret
2283 1937 2310 1989 ’.ἲ
2376 1941 2481 1988 ΡΥ.
2519 1939 2647 1993 Quid
2655 1938 2741 1997 sa·

541 2019 692 2055 cerem
706 2013 728 2056 ἲ
771 2008 843 2055 ita
865 2013 921 2056 at
952 2009 1211 2073 imperasti,
1240 2011 1314 2058 καὶ
1334 2010 1421 2058 soli
1458 2009 1758 2058 custodienda
1791 2011 1904 2057 data
1926 2012 2014 2056 est.
2079 2007 2181 2055 ΤΗ.
2220 2004 2453 2066 Pessima,
2489 2003 2594 2072 lupo
2616 2017 2746 2050 ovem

543 2074 766 2132 tuendam
797 2073 986 2122 dedisti.
1059 2074 1206 2124 Valde
1235 2089 1309 2122 me
1341 2076 1505 2137 pudet,
1539 2074 1613 2123 ita
1649 2088 1722 2123 me
1753 2075 1959 2123 delusam
1994 2086 2107 2122 esse.
2197 2071 2318 2126 ΟΜ
2348 2070 2451 2118 Μσ
2479 2074 2552 2117 θθΐ
2570 2067 2743 2131 wide-5

543 2133 782 2185 hominis?
846 2138 950 2186 ΡΥ.
988 2138 1127 2187 Hera
1160 2154 1282 2200 mea,
1315 2141 1421 2197 sile,
1451 2140 1555 2201 sile,
1592 2139 1776 2188 obsecro
1792 2155 1812 2197 ,·
1858 2138 2003 2186 salvae
2034 2150 2223 2193 mmm:
2271 2134 2490 2182 habemus
2512 2133 2743 2181 hominem

474 2258 491 2279 θ
539 2199 693 2261 ipsum
711 2201 1029 2264 (Chaeream)
1049 2203 1100 2252 in
1122 2209 1282 2252 nostra
1299 2208 1543 2267 potestate.
1607 2204 1711 2253 ΤΗ.
1754 2203 1849 2253 Ubi
1869 2205 1912 2251 is
1928 2206 2035 2251 est?
2102 2200 2209 2249 ΡΥ.
2243 2199 2389 2257 Hem,
2409 2197 2598 2247 videsne
2611 2198 2742 2245 illam

532 2265 607 2311 ad
624 2264 867 2314 sinistram
882 2273 904 2316 ἲ
942 2269 1070 2316 «ΤΗ.
1112 2268 1274 2318 Video.
1340 2269 1449 2319 ΡΥ.
1481 2270 1668 2318 Masada
1687 2268 1739 2317 in
1759 2283 1866 2318 eum
1889 2281 2081 2317 manum
2098 2264 2249 2328 injici,
2269 2269 2495 2328 ‘anquam
2531 2260 2742 2323 ivr-“¹⁸85-

1460 2387 1760 2408 OOOOOOOOO
1763 2388 1822 2407 Ν

543 2462 702 2513 Bent.
738 2463 859 2526 Bip.
939 2463 1100 2513 Colon
1143 2462 1409 2512 dimidium
1452 2464 1510 2513 Z.
1601 2465 1810 2514 Nullum
1854 2464 2012 2513 Both.
2051 2462 2138 2526 qui
2180 2461 2271 2511 dat
2320 2460 2448 2510 Hem
2479 2456 2741 2509 misma!

549 2529 718 2578 Occidi
755 2528 955 2590 Infelix,
993 2531 1209 2590 &ce-12
1243 2530 1347 2578 Ista
1385 2529 1520 2591 vera]
1554 2528 1623 2579 Ο.
1657 2531 1691 2578 l.
1730 2545 1772 2579 s.
1806 2531 1943 2578 istoec
1971 2543 2106 2577 tera.
2142 2528 2234 2575 Fa.
2319 2526 2500 2575 Nostri
2538 2539 2741 2589 quoque

545 2607 723 2642 ornnes
760 2594 909 2642 istoec.
945 2594 1098 2644 Beut.
1174 2593 1298 2643 Vera
1337 2599 1391 2643 tu
1420 2594 1554 2644 istaec
1592 2595 1879 2644 Bam—14
1913 2595 2102 2642 Istuene
2136 2589 2421 2640 Boiu-15
2456 2590 2562 2639 Me.
2604 2589 2740 2652 Lips.

533 2657 742 2720 jussisti,
774 2659 957 2710 omisso
980 2663 1050 2707 tu.
1116 2658 1346 2707 Eandem
1373 2660 1495 2707 lect.
1519 2673 1587 2707 ex
1611 2659 1744 2708 Pan.
1784 2665 1840 2707 et
1876 2659 2048 2714 Paris.
2088 2656 2265 2705 laudat
2286 2656 2504 2704 Parcus,
2570 2655 2740 2710 Etest

542 2722 599 2770 in
618 2723 730 2773 ΕΡ.
760 2724 911 2773 West.
949 2724 1016 2772 Ut
1030 2722 1242 2786 tujasti]
1256 2724 1458 2772 Jussisti
1478 2725 1539 2772 R.
1566 2723 1711 2774 Lina.
1745 2724 1882 2772 Justi
1904 2722 2012 2772 sine
2034 2728 2088 2771 ta
2109 2720 2303 2783 Delph.
2340 2718 2542 2768 Jussisti
2562 2719 2671 2767 sine
2686 2722 2740 2769 tu

545 2787 773 2837 Bra—16
812 2789 959 2837 Ovem
980 2788 1086 2851 lupo
1107 2788 1401 2850 commisisti]
1435 2789 1541 2839 Qui
1561 2788 1792 2837 commisti
1816 2790 2014 2851 legunt,
2036 2785 2189 2835 facile
2214 2800 2271 2833 se
2295 2799 2358 2833 ex
2382 2784 2537 2847 hujus
2562 2797 2739 2832 versus

548 2850 857 2901 difficultate
879 2852 1172 2916 explicant:
1205 2852 1296 2900 sed
1322 2861 1377 2901 et
1412 2853 1511 2901 Do.
1551 2859 1606 2902 et
1635 2855 1737 2903 ο.1.
1761 2867 1803 2901 s.
1827 2852 2103 2901 commisisti
2122 2849 2331 2898 habent.
2368 2849 2457 2899 Fa.
2526 2847 2741 2909 Nonius,

548 2930 598 2963 v.
625 2916 994 2966 Committere:
1030 2918 1045 2944 ‘
1068 2917 1344 2966 Terentius
1366 2918 1498 2967 Eun.
1520 2917 1690 2967 Ovem
1722 2917 2022 2967 commisisti
2045 2915 2205 2978 lupo!
2268 2914 2354 2963 Sic
2377 2920 2431 2962 et
2452 2914 2555 2961 Ms.
2577 2920 2740 2962 vetus.

547 2976 725 3029 Acron
765 2981 829 3029 ad
876 2981 1060 3030 Horat.
1100 2983 1272 3031 Carm.
1310 2996 1350 3031 1.
1387 2986 1436 3030 3.
1486 2985 1501 3009 ‘
1528 2982 1824 3032 Commisit:
1878 2980 2133 3030 Credidit.
2165 2979 2382 3028 Terent.
2416 2978 2588 3032 Ovem
2623 2979 2742 3041 lupo

547 3044 891 3093 commisisti!
956 3042 1298 3108 Codices‘quo
1336 3060 1400 3093 ue
1422 3048 1646 3097 universi
1669 3047 1960 3107 commisisti,
1985 3060 2134 3094 versu
2157 3050 2328 3093 tamen
2354 3043 2659 3105 indignante
2679 3057 2742 3090 ex

544 3120 651 3154 vem
685 3110 791 3169 lupo
822 3107 1009 3174 pedem
1040 3108 1156 3156 fieri
1192 3124 1281 3157 sen
1365 3112 1592 3174 actylum
1634 3127 1724 3161 sen
1760 3111 2119 3173 Anapaesturn.
2186 3107 2262 3157 At
2284 3115 2365 3156 est
2387 3108 2474 3171 qui
2501 3123 2568 3157 ex
2590 3107 2743 3171 culpa

546 3170 1617 3300 {?3;3;¹.¹:5}3¹,¹12.⁵.⁰¹¹¹{323393222‘333332
1640 3171 2741 3301 ''iiiitgssfflicssss'iigiinff'322³.oe”3222ssss

549 3313 680 3349 ovem
713 3302 820 3366 lupo
852 3302 1077 3352 commisi.
1169 3302 1424 3352 Nimirum
1469 3257 1923 3356 Thaispcommisit
1951 3304 2203 3366 jubendo,
2233 3303 2381 3367 aeque
2420 3317 2482 3351 ac
2526 3272 2746 3364 Pythian}

540 3365 743 3427 jussum
774 3367 1028 3416 faciendo.
1117 3366 1249 3416 Inde
1292 3368 1430 3433 qnod
1477 3372 1730 3434 sequitur,
1777 3378 1791 3398 ⁶
1816 3371 1900 3418 Sic
1934 3369 2057 3417 mihi
2092 3368 2215 3417 data
2248 3381 2361 3416 esse
2404 3365 2601 3429 verba‚'
2642 3380 2741 3416 non

545 3431 562 3457 ‘
591 3430 721 3482 tibi!
804 3432 950 3480 Ovem
988 3432 1128 3495 lupo,-
1160 3439 1437 3498 utrumque
1475 3435 1526 3483 in
1562 3435 1713 3496 Arsi3
1748 3442 1802 3484 et
1845 3436 1919 3483 sic
1954 3435 2005 3482 in
2039 3432 2459 3497 pronuntiatione
2491 3430 2553 3479 fit
2583 3445 2742 3492 mora,

549 3502 610 3544 nt
641 3502 871 3559 oportet.
934 3498 1103 3546 Venia
1146 3503 1317 3546 tamen
1359 3498 1561 3562 indiget
1601 3501 1895 3559 Terentius,
1937 3498 2021 3561 qui
2066 3498 2118 3546 in
2159 3498 2293 3558 pede
2337 3496 2496 3545 tertio
2537 3495 2739 3545 finalem

547 3560 704 3610 acuit.
739 3562 886 3610 Bent.
954 3562 1112 3612 Bent.
1153 3563 1379 3625 commisi,
1420 3565 1572 3613 male.
1628 3565 1746 3627 Bip.
1835 3564 1990 3627 vulg.
2022 3562 2316 3620 commisisti,
2356 3562 2441 3609 vel
2483 3561 2713 3609 commisti
2723 3577 2743 3618 ;

549 3625 642 3673 sed
684 3633 828 3675 recte
871 3626 1029 3677 Bent.
1079 3628 1309 3689 commisi,
1343 3634 1397 3678 et
1434 3630 1509 3678 sic
1550 3630 1657 3678 Do.
1699 3629 1885 3691 legisse
1927 3633 2165 3692 apparet.
2215 3626 2362 3675 Both.
2452 3630 2599 3674 Orem
2638 3627 2739 3689 lupo

540 3688 706 3760 Both.
728 3690 849 3754 Bip.
873 3691 1013 3742 Peri.
1082 3691 1199 3754 Dis,
1226 3694 1371 3754 pudet
1393 3693 1485 3744 Br.
1514 3709 1663 3757 quem
1686 3694 1761 3743 sic
1795 3693 2018 3750 dedisse,
2049 3693 2203 3741 etiam
2237 3695 2443 3739 constat
2471 3704 2538 3737 ex
2577 3690 2739 3753 glossa

552 3753 666 3816 ejus
719 3754 786 3804 ad
844 3770 1023 3805 vocem
1075 3756 1168 3818 dis,
1218 3771 1292 3808 sc.
1341 3757 1562 3807 testibus
1611 3762 1880 3808 utere—1⁷
1934 3757 2063 3814 Quid
2104 3755 2305 3805 hominis
2345 3754 2446 3803 illic
2490 3754 2589 3817 est]
2624 3755 2738 3804 Non

549 3816 664 3868 sere
704 3818 756 3867 in
801 3819 906 3869 ullo
949 3821 1082 3870 libro
1127 3822 1357 3871 invenias
1399 3822 1535 3871 hane
1578 3823 1987 3885 collocationem,
2027 3821 2119 3869 sed
2167 3834 2282 3869 eam
2334 3833 2448 3881 qnae
2493 3821 2738 3883 sequitur,

554 3883 686 3940 Quid
706 3883 806 3933 tuto
826 3884 1026 3933 hominis
1045 3881 1149 3935 est?
1183 3887 1256 3934 ita
1277 3892 1333 3935 et
1364 3888 1637 3937 Donatus:
1676 3887 1956 3937 Bembinus
1980 3899 2101 3934 vero
2121 3886 2216 3933 hoe
2239 3885 2478 3946 amplius,
2499 3898 2598 3948 pro
2625 3884 2737 3946 illie,

546 3948 662 3998 iiiuc
684 3947 855 3999 habet.
918 3950 1004 3998 Vi.
1027 3951 1166 4013 prius
1191 3950 1398 4012 quidem
1430 3952 1542 4000 tuuc
1561 3951 1808 4012 habebat,
1840 3951 1932 4000 sed
1957 3958 2140 4014 postea
2162 3950 2213 3998 in
2235 3949 2338 3997 illie
2359 3954 2611 3997 mutatum
2633 3955 2735 3998 est:

552 4012 838 4076 eademque
877 4029 1027 4063 manu
1069 4014 1120 4062 in
1160 4016 1389 4078 margine
1424 4018 1710 4079 ascriptum
1739 4017 1889 4066 illud.-
1924 4030 2041 4078 quae
2078 4015 2202 4064 mibi
2238 4013 2413 4075 lectio,
2446 4012 2501 4061 id
2527 4020 2627 4077 est,
2659 4014 2739 4063 vel

550 4076 679 4138 illuc,
701 4079 783 4127 vel
802 4078 937 4137 tund,
969 4080 1131 4141 magis
1155 4081 1344 4143 piacet,
1379 4095 1534 4143 quam
1549 4080 1669 4130 ilb‘e.
1693 4079 1793 4130 Fa.
1859 4081 1969 4130 Illic
1991 4079 2052 4130 Z.
2120 4080 2184 4135 Q.
2204 4078 2240 4126 i.
2261 4078 2306 4126 h.
2329 4081 2399 4125 est
2420 4076 2513 4126 dat
2535 4078 2738 4143 Pythie

551 4140 837 4192 Boiu-18
871 4143 1009 4192 Hera
1030 4158 1149 4204 mea,
1168 4144 1295 4206 tace]
1330 4146 1444 4195 Nisi
1466 4146 1610 4206 legas
1636 4145 1712 4195 bis
1733 4151 1856 4208 tace,
1885 4159 2063 4194 versus
2092 4158 2195 4192 non
2228 4150 2448 4191 constat.
2483 4144 2573 4191 Er.
2640 4143 2741 4192 Ms.

559 4204 704 4267 Lips.
740 4207 878 4254 Hera
911 4222 1033 4271 mea,
1064 4214 1184 4270 tace,
1216 4210 1421 4259 obsecro.
1487 4211 1634 4260 Leid.
1676 4225 1836 4259 nnus:
1877 4211 1922 4257 0
1943 4210 2056 4259 hera
2077 4223 2199 4271 mea,
2237 4211 2358 4269 tace,
2390 4211 2511 4264 tace,
2538 4207 2737 4256 obsecro.

556 4268 721 4320 West.
788 4269 908 4320 Tace
927 4273 1086 4321 semel
1109 4272 1200 4322 dat
1223 4274 1474 4337 Βίῳ-19
1507 4275 1788 4325 Sinisteram
1813 4276 1966 4326 Bent.
1987 4272 2143 4323 Both.
2209 4270 2315 4324 Hie
2351 4271 2445 4320 dat
2479 4270 2628 4324 Hom.
2649 4273 2736 4336 ips.
