3050 4942
932 380 1286 433 *nunuem
1335 382 1506 432 Aer.
1538 382 1666 432 ιιι..
1693 384 1801 434 sc.
1837 385 1882 432 1.
2378 370 2512 436 445

320 528 463 595 ΕΝ.
507 525 796 595 Gestire.
881 526 1023 592 ΤΗ.
1069 527 1297 594 Vero:
1343 527 1612 593 credere
1638 544 1891 593 omnem
1919 530 2309 608 exercitum,

317 630 640 696 Consilia.
729 631 873 696 GN.
920 630 1193 696 Mirum.
1279 630 1418 695 ΤΗ.
1461 631 1639 695 Tum
1671 631 1891 696 sicubi
1920 652 2068 697 eum
2100 634 2312 698 satias

316 732 713 811 Hominum,
742 740 855 798 aut
883 733 1099 817 negoti
1128 733 1463 818 siquando
1494 734 1724 799 odium
1759 741 2052 819 ceperat,

313 832 770 918 Requiescere
794 835 910 900 ubi
941 836 1246 917 volebat3
1277 837 1470 922 quasi
1494 857 1512 902 t
1539 834 1786 901 nostin’
1810 837 1841 900 Ἰ
1931 836 2075 902 ΕΝ.
2121 836 2319 903 Scio:
2423 839 2512 903 15

313 937 536 1016 Quasi
570 938 688 1001 ubi
733 937 915 1004 illam
955 946 1315 1024 exspueret
1359 940 1697 1005 miseriam
1731 959 1823 1003 ex
1860 940 2102 1004 animo.
2188 940 2332 1007 ΤΗ.
2375 940 2513 1005 Te-

567 1057 708 1103 nee.

308 1134 486 1204 Tum
515 1158 623 1204 me
651 1138 1000 1206 convivam
1030 1141 1248 1207 solum
1278 1143 1659 1209 abducebat
1686 1141 1843 1208 sibi.
1931 1142 2075 1208 ΕΝ.
2121 1141 2307 1208 Hui!

311 1238 576 1324 Regem
604 1243 976 1325 elegantem
1006 1263 1263 1310 narras.
1344 1246 1489 1313 ΤΗ.
1537 1245 1756 1311 Immo
1787 1245 1891 1310 sic
1919 1244 2118 1309 homo
2142 1253 2252 1310 est

306 1426 417 1479 ΤΗ.
450 1428 660 1480 Scilicet.
727 1430 836 1481 Gn.
873 1429 1570 1493 Gestabat,adeovehementaer
1591 1437 1638 1481 te
1673 1432 1877 1496 innabat.
1942 1431 2053 1482 ΤΗ.
2088 1432 2170 1481 Ita
2189 1437 2276 1482 est.
2343 1431 2512 1480 Totum

302 1494 564 1543 exercitum
580 1495 823 1560 meoefidei
843 1496 1171 1557 comomfttebae,
1206 1497 1399 1547 consilia
1434 1512 1551 1547 meae
1582 1497 1862 1560 pnulentioe.
1929 1495 2036 1546 Gn·
2071 1496 2135 1545 Id
2165 1496 2508 1545 admirandum.

303 1557 412 1605 ΤΗ.
448 1556 585 1618 Ἠιηι,
605 1559 753 1608 sicubi
758 1559 964 1620 fastidio
982 1562 1220 1610 hominum
1246 1568 1332 1612 aut
1363 1561 1503 1610 taedio
1533 1561 1826 1623 negotiorum
1847 1561 2109 1622 tenebatur,
2124 1562 2170 1610 si
2191 1560 2365 1625 quietis
2385 1558 2508 1608 desi·

303 1621 442 1671 deria
466 1623 748 1688 capiebatur,
776 1625 936 1688 quari.-
971 1625 1155 1675 scisne?
1222 1627 1329 1676 ΕΝ.
1367 1627 1518 1683 Quasi
1540 1628 1720 1689 quando
1748 1630 1975 1675 evomeret
2012 1626 2142 1674 illam
2171 1624 2430 1674 molestiam
2448 1637 2511 1672 ex

302 1686 481 1736 animo.
546 1689 653 1736 ΤΗ.
693 1690 862 1738 Nosti.-
895 1695 1007 1738 tunc
1037 1704 1111 1738 me
1143 1692 1292 1740 solum
1328 1691 1576 1740 abductum
1612 1704 1785 1739 mensae
1816 1690 2028 1739 comitem
2064 1690 2326 1739 adhibebat.
2393 1688 2503 1737 ΕΗ.

306 1750 456 1801 Hui!
491 1752 1147 1816 Regmzepidammoms.
1211 1757 1316 1806 ΤΗ.
1349 1756 1518 1817 Imo,
1544 1755 1618 1805 sio
1645 1756 1778 1805 homo
1809 1760 2101 1819 canapo-atu
2127 1760 2233 1813 ατς
2261 1767 2509 1818 perpauco-

1227 1913 1593 1937 θθθθθθθθθθθ

300 2025 358 2077 in
378 2030 517 2075 καί
540 2026 606 2077 Ε.
632 2027 756 2078 ΕΜ.
789 2029 867 2078 Id.
902 2030 956 2078 in
985 2029 1117 2080 Δάαι.
1184 2031 1282 2087 Qun·
1312 2031 1414 2095 legi
1458 2030 1651 2080 debere
1689 2035 1747 2079 et
1785 2042 1964 2077 versus
1998 2034 2055 2078 et
2085 2027 2201 2091 ipsa
2251 2026 2506 2082 Latinitas

302 2090 605 2141 ostendunt.
643 2093 765 2142 Gon.
833 2094 1107 2144 veterrimi
1142 2097 1332 2160 quique
1367 2095 1577 2146 codices
1620 2101 1675 2145 et
1716 2100 1919 2144 veteres
1958 2092 2298 2144 Grammatici
2338 2092 2508 2148 Quod.-

303 2155 440 2205 bene
459 2153 677 2218 factum,
704 2166 759 2206 et
779 2157 877 2208 hoc
902 2173 1070 2209 veram
1094 2160 1239 2209 uobis
1261 2161 1533 2211 lectionem
1559 2160 1907 2221 conservavit,
1942 2174 2094 2221 quam
2117 2173 2151 2209 a
2191 2155 2366 2207 multis
2396 2156 2510 2218 jam

302 2220 512 2270 saeculis
533 2221 901 2285 discipulorum
925 2224 1093 2286 grstia
1112 2232 1456 2288 corruperant
1477 2225 1742 2286 Magistri.
1809 2225 1950 2287 Lego
1977 2224 2134 2285 euim,
2165 2222 2249 2286 qui
2275 2222 2349 2270 sal
2366 2220 2508 2270 habet

306 2284 450 2341 Quod
489 2286 543 2335 in
584 2291 633 2334 te
671 2291 761 2335 est.
823 2287 973 2336 ‘Sal'
1018 2289 1138 2338 olim
1188 2303 1381 2351 genere
1421 2297 1608 2340 neutro
1648 2296 1782 2339 erat.
1849 2289 1939 2338 Pr.
1972 2303 2025 2351 p.
2048 2291 2167 2338 644.
2205 2286 2353 2338 salem
2388 2298 2509 2348 gen.

302 2363 464 2401 masc.
487 2364 551 2398 ex
570 2351 669 2401 hoc
693 2352 807 2400 loco
831 2352 983 2413 citat,
1018 2353 1115 2409 Qui
1147 2353 1286 2404 habet
1317 2356 1479 2417 alem,
1507 2356 1631 2417 quod
1657 2354 1711 2403 ia
1742 2359 1791 2403 te
1824 2358 1927 2403 est.-
1960 2361 2015 2402 et
2050 2353 2227 2403 addit:
2263 2352 2281 2380 ‘
2301 2350 2509 2401 Inveni·

302 2421 465 2463 untur
486 2423 658 2465 tamen
679 2415 886 2480 quidam
910 2418 1261 2478 vetustissimi,
1281 2421 1436 2469 etiam
1458 2424 1647 2468 neutro
1670 2432 1857 2480 genere
1888 2418 1985 2466 hoc
2021 2414 2336 2481 protulisse?
2401 2415 2510 2466 Cur

304 2486 483 2528 autem
506 2481 879 2530 vetustissimi?
911 2481 1000 2545 qui
1022 2482 1272 2533 Terentio
1312 2486 1626 2545 posteriores
1663 2483 1823 2532 multo
1855 2488 1995 2532 sunt.
2061 2486 2076 2510 ‘
2097 2480 2219 2530 Sal’
2253 2479 2508 2542 syllabam

303 2543 614 2606 productam
657 2558 772 2594 esse
813 2545 966 2594 testis
1006 2545 1154 2595 Beda
1188 2546 1254 2595 de
1292 2547 1481 2597 Metris
1518 2560 1573 2609 p.
1611 2550 1761 2595 2359.
1792 2547 1940 2595 Bent.
1991 2545 2077 2608 qui
2117 2545 2208 2594 dat
2239 2559 2411 2604 magno
2453 2543 2508 2591 in

305 2621 382 2657 vs.
421 2611 472 2657 9.
519 2608 607 2657 ubi
651 2609 781 2671 legit
822 2608 1069 2659 Bothius:
1104 2625 1324 2670 magnam
1360 2612 1526 2663 alieno.
1589 2610 1768 2663 §Male
1809 2610 1895 2657 alii
1943 2609 2041 2664 Qui
2076 2610 2130 2657 in
2165 2614 2214 2656 le
2248 2607 2356 2656 este
2388 2606 2510 2670 Bip.

308 2670 408 2727 Qua·
429 2672 522 2720 ΒΓ.
585 2671 670 2722 Sal
688 2674 827 2722 habet
847 2673 1001 2724 Both.
1068 2675 1176 2724 Pro
1200 2680 1486 2724 transmvet
1509 2674 1634 2722 dant
1654 2671 1887 2732 transfert
1903 2672 1957 2723 J.
1982 2678 2037 2721 et
2053 2674 2289 2721 Venetus
2316 2670 2432 2719 cod.
2452 2676 2507 2720 et

305 2749 406 2799 pro
443 2735 633 2787 Scilicet
670 2738 761 2789 dat
798 2738 860 2788 Si
893 2739 1003 2788 licet
1042 2753 1169 2788 unus
1206 2739 1446 2789 Pam—12
1484 2738 1675 2788 Gestire
1712 2738 1841 2786 Mss.
1883 2737 2087 2800 plurimi
2110 2750 2224 2784 cum
2248 2734 2508 2784 editorum

345 2802 762 2852 raestantissimis.
824 2802 1243 2853 Subaudiendum
1266 2810 1459 2862 autem,
1491 2803 1686 2851 habere
1719 2802 1800 2850 vel
1838 2799 1994 2850 ferre.
2062 2800 2235 2864 Vulgo
2261 2813 2377 2848 cum
2400 2799 2508 2849 Ms.

352 2864 451 2931 ‘ps.
495 2866 767 2931 Librisque
811 2867 939 2924 aliis,
979 2873 1189 2930 gestare,
1237 2867 1443 2932 qnando
1481 2866 1680 2930 ellipsis
1726 2866 1882 2916 nulla.
1948 2863 2073 2926 Alii,
2117 2865 2306 2915 Verum.
2339 2863 2509 2915 West.

306 2928 503 2980 Omnes
526 2929 638 2980 libri
663 2939 918 2996 quotquot
938 2939 1078 2991 suut,
1111 2939 1167 2982 et
1189 2932 1386 2997 antiqui
1409 2939 1463 2982 et
1486 2937 1743 2993 recentes,
1765 2939 1871 2979 tum
1892 2928 2145 2992 Terentii,
2168 2936 2275 2978 tum
2289 2928 2507 2991 Donati,

298 2993 494 3044 habent
514 2995 721 3047 Gestire.
766 2997 932 3048 Quam
948 2997 1080 3047 lect.
1107 2995 1463 3058 admittentes,
1487 3010 1824 3059 exponemus,
1846 2996 2021 3044 laetum
2046 3009 2178 3052 esse,
2201 3000 2257 3043 et
2278 2992 2508 3056 gaudere

303 3070 373 3106 ex
396 3060 663 3121 convictu,
690 3060 892 3110 scilicet
933 3066 1040 3110 tuo.
1077 3060 1168 3111 Fa.
1235 3062 1415 3111 Codex
1457 3068 1631 3110 tamen
1662 3059 1962 3121 Bembinus‚
2009 3058 2210 3108 Bembo
2243 3065 2509 3120 narrante,

306 3121 538 3173 Gestat-e.-
572 3131 728 3189 atque
752 3127 826 3174 ita
848 3124 949 3173 dno
972 3141 1037 3175 ex
1059 3124 1248 3174 nostris
1268 3126 1551 3175 veterrimi.
1620 3125 1802 3186 Miror,
1859 3125 1908 3174 ui
1935 3123 2161 3174 Faernus
2180 3123 2246 3172 de
2263 3123 2360 3171 hac
2383 3123 2509 3172 lect.

303 3185 548 3238 dubitare
567 3190 815 3253 potuerit.
848 3190 998 3240 Bent.
1065 3189 1172 3238 Pro
1198 3190 1389 3253 Verum,
1422 3191 1570 3241 Bem.
1590 3190 1767 3247 habet,
1838 3204 1943 3239 ero.-
1977 3204 2093 3253 quae
2118 3203 2218 3238 vox
2251 3194 2333 3237 est
2371 3202 2510 3237 asse·

304 3253 554 3313 versutis,
600 3261 659 3303 et
701 3256 751 3303 in
799 3255 1059 3318 principio
1104 3255 1352 3303 orationis
1393 3255 1601 3318 ponitur
1643 3255 1710 3305 ab
1748 3254 2113 3317 respondente.
2164 3254 2256 3303 Fa.
2323 3251 2514 3302 Nostri

303 3330 485 3367 ornnes
516 3319 705 3377 Verum,
736 3325 790 3369 et
813 3324 973 3369 recte.
1007 3320 1156 3368 Bent.
1228 3319 1418 3369 Gestire
1439 3319 1564 3370 Par.
1603 3319 1733 3369 Peri.
1800 3318 1886 3367 Al.
1912 3319 2042 3367 Mss.
2068 3324 2123 3367 et
2145 3317 2267 3365 edd.
2296 3316 2510 3374 Cestii-e,

306 3381 461 3431 male.
513 3383 629 3446 Bip.
699 3383 936 3433 Gestare?
969 3391 1025 3432 et
1068 3383 1240 3432 me
1287 3383 1411 3432 daut
1442 3384 1538 3432 Br.
1576 3383 1732 3432 Both.
1802 3382 2003 3430 Gestar-e
2045 3390 2101 3430 et
2146 3381 2321 3430 Verum
2363 3380 2507 3429 Perl.

314 3444 590 3497 Exercitum
608 3461 745 3497 suum
763 3445 939 3497 Guelf.
962 3451 1142 3496 2.-13
1166 3446 1330 3496 Satias
1351 3454 1434 3495 est
1457 3447 1507 3494 in
1530 3447 1661 3496 Mss.
1685 3452 1740 3496 et
1762 3445 1913 3495 editis
1939 3445 2326 3507 probatissimiS,
2348 3444 2506 3493 etiam

305 3510 427 3559 anni
451 3515 596 3560 1469.
620 3513 792 3576 itaque
814 3509 1023 3573 flagitat
1042 3518 1281 3560 metrum.
1352 3509 1453 3558 Alii
1474 3517 1647 3560 tamen
1688 3523 1803 3559 cum
1827 3510 2038 3559 Donato
2074 3509 2271 3558 satietas
2310 3509 2507 3570 legunt.

314 3571 471 3626 west.
537 3573 750 3625 Satietas
771 3577 863 3625 Br.
891 3576 952 3626 Z.
973 3577 1133 3625 Bent.
1154 3576 1274 3638 Bip.
1295 3575 1452 3624 Both.
1493 3575 1633 3624 Peri.
1703 3575 1773 3622 Et
1806 3574 2000 3622 consilia
2038 3574 2260 3622 Ere—14
2292 3570 2351 3619 Si
2386 3573 2508 3634 quod

306 3638 457 3686 otium
480 3639 590 3689 ΕΡ.
630 3642 777 3691 West.
842 3640 904 3690 Si
922 3640 1080 3689 odim
1100 3641 1281 3704 quando
1299 3638 1607 3691 Bona-15.
1633 3641 1698 3686 16
1731 3638 1843 3687 Hos
1869 3637 2013 3686 binos
2036 3651 2213 3686 versus
2247 3634 2507 3685 facessere

295 3701 457 3764 jubet
474 3703 736 3767 Guyetus‚
772 3710 954 3767 utpote
974 3703 1487 3767 Terentioindignos.
1551 3703 1657 3753 Sed
1680 3709 1737 3752 et
1759 3709 1882 3765 apte
1916 3701 2199 3762 cohoerent,
2232 3705 2287 3749 et
2320 3701 2507 3751 Latine

306 3764 438 3816 dicti
475 3776 613 3832 snut,
645 3777 700 3819 et
735 3766 1003 3818 firmantur
1036 3768 1350 3818 auctoritate
1387 3768 1519 3818 Mes.
1554 3775 1610 3818 et
1641 3767 1850 3816 Donati.
1888 3767 2031 3815 West.
2098 3765 2394 3827 Interrogat
2413 3764 2507 3815 ΒΓ.

309 3840 432 3893 post
467 3833 483 3860 ‘
502 3832 837 3885 Tenes.’-l⁷
873 3832 1139 3884 Adhibebat
1182 3833 1250 3884 G.
1291 3832 1398 3882 ΕΤ.
1437 3833 1564 3882 ΕΜ.
1619 3832 1898 3881 West.--18
1949 3830 2087 3899 Lege
2129 3836 2187 3880 et
2228 3828 2508 3892 distingue,

1298 3977 1347 4026 N
1357 3974 1514 4025 0⁷1*AE

374 4079 437 4126 12
459 4075 652 4123 Gestire
673 4073 925 4139 [Gestare]
959 4074 1084 4136 Pro,
1109 4072 1363 4139 gestabat.
1509 4075 1577 4121 16
1611 4071 1763 4127 Quasi
1782 4070 1863 4120 ubi
1883 4070 2015 4120 mam
2039 4075 2286 4133 exspueret
2315 4069 2499 4120 miseri·

308 4151 550 4200 Muretus
573 4151 677 4200 ait:
714 4151 855 4200 Male
888 4151 941 4199 iu
959 4150 1213 4199 nonnullis
1236 4149 1364 4212 legi·
1443 4145 1545 4210 am]
1576 4147 1594 4176 ⁴
1611 4146 1915 4210 Miseriam,'
1942 4146 1993 4194 id
2014 4153 2115 4203 est,
2136 4144 2419 4199 fastidium.

308 4237 400 4278 tur
427 4226 640 4281 Gestire.
