3050 4942
894 429 1003 477 nn·
1041 429 1321 479 ms'rms
1366 428 1906 479 'masmim-us.
2371 413 2500 480 251

303 589 411 631 suo
438 569 775 650 assignant,
801 589 994 650 pauca
1021 570 1198 634 etiam
1224 569 1520 632 Terentio.
1606 571 1736 631 Nos
1765 590 1958 652 pauca
1984 571 2087 632 illa
2100 569 2229 652 jam
2254 570 2504 653 ejuravi-

300 687 473 736 mus;
519 666 596 728 de
638 668 960 729 innumeris
1008 667 1148 729 olim
1193 668 1449 729 fortasse
1496 668 1815 729 curabitur.
1921 669 2178 742 Interea,
2218 669 2363 749 quid
2408 670 2508 730 hic

302 764 500 825 Plauti
526 764 697 827 locus
728 766 837 827 sibi
867 767 1150 847 postulet,
1178 767 1517 836 videamus;

466 904 620 972 Quoe
649 898 844 984 neque
870 905 1078 966 futura
1105 925 1209 967 nec
1220 905 1396 986 facta
1422 913 1586 978 sunt,
1627 914 1827 967 tamen
1856 904 1942 965 illi
1965 905 2184 967 sciunt.

308 1035 424 1118 ῌίο
452 1033 590 1095 duee
622 1034 820 1114 longoe
846 1036 1241 1116 corripiuntur
1256 1055 1275 1105 3
1319 1033 1439 1096 duo
1468 1034 1673 1095 cretici
1697 1035 1961 1109 veniunt,
2002 1056 2123 1116 quo
2151 1056 2227 1096 ne
2255 1035 2511 1118 dactylis

308 1131 575 1211 quidem,
619 1133 667 1192 si
711 1151 909 1193 autem
951 1133 1260 1206 habemus,
1303 1133 1502 1193 venire
1543 1132 1637 1193 fas
1680 1143 1795 1195 est.
1879 1133 2087 1195 Hosne
2132 1152 2406 1194 numeros
2444 1146 2515 1196 ut

308 1229 696 1310 laudaverint·
711 1228 997 1291 Pisonum
1023 1231 1270 1311 proavi?
1305 1231 1438 1311 quis
1465 1230 1775 1291 comoedus
1803 1238 1989 1304 actor,
2018 1249 2094 1290 ne
2118 1231 2245 1309 ipse
2273 1231 2513 1310 quidem

311 1327 527 1401 Pellio,
568 1326 663 1388 vel
691 1328 880 1408 pretio
908 1328 1159 1390 voluerit
1185 1348 1422 1397 emere;
1464 1329 1561 1388 vel
1604 1328 1893 1388 blaterare
1938 1325 2069 1386 haec
2098 1326 2176 1385 ad
2204 1327 2410 1386 tibiam
2452 1328 2516 1385 in

311 1444 498 1485 scena
524 1444 707 1484 ausus
733 1424 953 1485 fuerit?
995 1445 1115 1485 non
1164 1445 1304 1486 suas
1344 1426 1544 1506 potius
1574 1423 1687 1485 sibi
1712 1444 1804 1485 res
1830 1424 2069 1504 poetam
2095 1424 2274 1484 talem
2300 1423 2518 1488 babere

302 1520 598 1602 jusserit?
638 1522 703 1580 Si
729 1521 1037 1582 lieentiarii
1069 1513 1255 1583 nostri
1285 1522 1362 1584 de
1391 1521 1807 1584 emendatione
1837 1520 2229 1601 desperarunt
2246 1540 2266 1589 3
2306 1520 2517 1582 huma·

315 1618 447 1682 nius
478 1628 677 1679 tamen
706 1629 853 1693 erat,
896 1619 973 1680 de
1017 1621 1233 1681 mendo
1280 1621 1479 1702 potius
1524 1620 1808 1693 confiteri,
1849 1637 2038 1699 quaml
2061 1618 2298 1698 poetam
2326 1617 2522 1697 ipsum

315 1715 702 1795 proscribere.
786 1715 943 1776 Vide
969 1726 1190 1792 tamen,
1228 1736 1408 1796 quam
1435 1715 1626 1777 facilis
1654 1735 1727 1778 ea
1754 1737 1828 1778 ne
1857 1715 2256 1795 quaerentibus
2283 1712 2523 1793 quidem

318 1831 382 1880 se
410 1812 645 1874 offerat.
716 1812 886 1874 Tolle
914 1813 1066 1874 illud
1074 1814 1256 1894 sacta
1272 1834 1299 1884 ,-
1323 1825 1386 1875 et
1415 1813 1764 1889 trimetrum,
1788 1812 1996 1894 quales
2023 1811 2122 1873 bic
2148 1811 2329 1872 ceteri
2358 1820 2521 1882 sunt,

320 1909 806 1979 rotundissimum
833 1910 1019 1971 habes
1043 1931 1059 1970 ε

412 2055 417 2058 ’
477 2039 638 2107 Quae
667 2037 862 2119 neque
890 2038 1108 2113 futura,
1136 2038 1330 2120 neque
1363 2049 1524 2113 suut,
1564 2049 1763 2100 tamen
1791 2038 1878 2098 illi
1908 2039 2125 2101 sciunt.

325 2162 481 2231 Quin
510 2172 574 2222 et
597 2159 714 2222 hoc
742 2180 955 2221 sensus
985 2161 1136 2241 ipse,
1177 2182 1298 2223 non
1326 2175 1579 2250 metrum
1610 2162 1821 2233 solum,
1858 2157 2184 2241 efflagitat:
2227 2179 2364 2220 nam
2391 2159 2545 2247 quaef

324 2260 542 2329 futura,
586 2272 648 2318 et
691 2278 825 2337 quse
870 2268 1031 2330 sunt,
1070 2257 1132 2319 in
1176 2257 1388 2320 eodem
1416 2278 1634 2340 genere
1665 2268 1804 2319 sunt
1832 2258 2141 2339 opposita:
2184 2275 2303 2316 non
2333 2257 2529 2317 futura

327 2367 387 2417 et
407 2355 593 2418 faeta.
678 2355 742 2414 Si
766 2355 915 2415 illud
938 2363 956 2391 ‘
975 2356 1136 2416 facta
1164 2355 1322 2416 sunt'
1349 2376 1384 2417 a
1415 2358 1593 2438 poeta
1619 2365 1797 2429 esset,
1839 2355 2086 2417 dixisset
2127 2356 2352 2435 utique,
2394 2374 2531 2434 quse

325 2445 520 2532 neque
548 2452 694 2511 fient
722 2471 913 2531 neque
941 2451 1101 2513 facta
1129 2461 1310 2522 sunt;
1354 2461 1536 2533 atque
1584 2453 1825 2532 insuper
1874 2450 1950 2513 de
1992 2451 2226 2513 duobus
2266 2452 2530 2532 peccatis

328 2568 512 2610 unum
546 2548 810 2608 lucratus
839 2558 1021 2623 esset.

1057 2729 1214 2790 ARS
1270 2727 1823 2788 TERENTIANA.

402 2868 636 2927 ‚Restat
650 2868 801 2947 jam,
826 2877 894 2927 ut
923 2866 999 2928 de
1027 2877 1153 2930 arte
1179 2868 1559 2941 Terentiana,
1578 2885 1715 2947 quae
1737 2874 2045 2945 tantopere
2072 2863 2213 2925 olim
2240 2862 2537 2952 celebrata

336 2972 448 3037 est,
473 2983 672 3045 pauca
699 2964 1049 3026 delibemus.
1134 2964 1440 3039 Horatius,
1467 2964 1660 3045 Epist.
1691 2983 1773 3025 11.
1808 2964 1861 3023 1.

581 3094 916 3175 Ambigitur
942 3094 1217 3175 quotiens
1243 3103 1377 3154 uter
1402 3103 1540 3154 utro
1565 3093 1643 3153 sit
1668 3094 1856 3174 prior;
1900 3091 2090 3153 aufert

584 3191 882 3251 Pacuvius
912 3192 1072 3252 docti
1099 3191 1317 3251 famam
1344 3189 1779 3262 senis,.Accius
1810 3189 1955 3251 alti:

588 3287 822 3348 Dicitur
849 3289 1058 3349 Afrani
1086 3300 1229 3369 toga
1255 3288 1604 3349 convenisse
1635 3287 2009 3349 Menandro:

587 3382 841 3445 Plautus
868 3384 943 3443 ad
974 3385 1307 3466 exemplum
1335 3384 1518 3445 Siculi
1542 3387 1856 3464 properare
1883 3381 2253 3464 Epicharmi:

581 3479 832 3542 Vincere
862 3482 1141 3542 Caecilius
1171 3481 1478 3561 gravitate,
1504 3483 1894 3542 Tsanr'rms
1918 3497 2115 3539 Ait-rs.

348 3601 466 3667 Ubi
494 3605 740 3669 dubium
770 3618 882 3682 est,
911 3622 1174 3672 artemne
1202 3609 1505 3673 metricam
1533 3612 1695 3684 velit,
1726 3631 1801 3672 an
1831 3610 2139 3672 comicam.
2224 3605 2547 3684 Utramque

340 3704 598 3783 opinor;
641 3725 781 3765 nam
809 3707 869 3766 in
897 3718 1147 3788 utraque
1174 3710 1353 3770 laude
1384 3710 1627 3781 Noster,
1657 3719 1777 3768 tam
1810 3725 2081 3766 versuum
2111 3702 2549 3774 concinnitatis,

348 3801 530 3879 quam
556 3800 774 3862 lucidae
801 3824 991 3864 rerum
1022 3804 1445 3886 dispositionis,
1485 3806 1706 3886 primas
1733 3803 1992 3863 tenebat,

391 3949 399 3957 .
433 3897 595 3958 lllud
622 3916 766 3959 sane
792 3899 854 3959 in
883 3900 1091 3981 lingua
1134 3902 1347 3962 Latina
1387 3900 1669 3979 notabile,
1709 3918 1798 3967 ne⁸
1828 3916 2011 3958 unum
2041 3894 2283 3977 quidem
2309 3894 2551 3952 verbum

352 4007 571 4073 praeter
594 3996 1003 4077 monosyllaba
1034 4009 1238 4059 tonum
1264 3999 1324 4058 in
1354 3999 1563 4060 ultima
1590 3996 1890 4057 habuisse.
1977 3990 2429 4070 Deum,‘.igitur,
2462 3988 2556 4050 vi·-

356 4110 507 4164 rum,
535 4090 751 4166 meum,
782 4094 971 4167 tuum,
1016 4096 1206 4175 priore
1234 4096 1372 4157 licet
1397 4095 1559 4157 brevi
1589 4093 2066 4175 pronuntiabant,
2108 4105 2412 4169 nunquam
2439 4084 2553 4146 nisi

361 4187 418 4244 in
445 4206 639 4261 versu,
681 4187 898 4263 Deum,
942 4189 1151 4263 virum,
1197 4177 1415 4266 meum,
1462 4193 1649 4252 tuum.
1734 4187 2158 4258 Quintilianus,
2187 4183 2381 4245 Instit.
2413 4202 2459 4242 1.
2491 4183 2551 4240 5.

362 4271 515 4344 “Est
537 4294 733 4345 autem
760 4286 821 4345 in
846 4286 1005 4347 omni
1032 4306 1179 4349 voce
1204 4288 1405 4367 utique
1426 4289 1603 4348 acu'ta
1626 4286 1875 4368 syllaba,
1901 4305 2010 4346 nec
2031 4281 2242 4343 ultima
2263 4297 2553 4359 unquam:
