3050 4942
564 367 692 437 108
985 387 1178 438 Loca
1230 386 1639 437 MENANnm
1691 387 1782 437 ΕΤ
1828 387 2313 438 ΑΡοιιοοοκι

562 530 747 591 fuisse
772 527 1194 611 interdumpro
1223 531 1285 591 Ρ
1312 539 1653 610 usurpatam
1680 548 1696 592 t
1724 541 1793 592 ut
1817 530 2095 611 Byrrhus,
2124 549 2251 610 pr0,
2285 528 2567 609 Pyrrhus.
2630 529 2751 588 Ita·

562 647 678 706 que
705 627 827 688 fieri
853 637 1071 707 potest,
1098 636 1165 687 ut
1187 646 1224 687 a
1249 628 1477 709 Pyrrha
1502 629 1646 689 urbe
1675 647 1891 689 nomen
1920 627 2163 689 ductum
2192 628 2269 686 sit
2298 625 2569 706 Byrrhia,
2596 624 2752 685 idem

558 741 799 802 prorsus
842 722 1046 783 valens
1090 723 1248 802 quod
1297 723 1434 784 Car.
1485 723 1825 785 Herodotus
1875 725 1935 783 in
1989 724 2245 803 Euterpe
2273 720 2538 784 ostendit
2567 722 2752 781 Cares

556 818 805 879 barbaro
833 820 1145 900 servilique
1171 820 1353 881 fuisse
1380 821 1637 900 ingeni0,
1666 830 1729 881 et
1754 819 1832 880 ad
1861 818 2094 901 quidvis
2123 820 2409 880 malorum
2437 816 2751 880 ferendum

559 924 817 993 paratos,
844 914 1114 978 mercede
1131 918 1446 998 'proposita
1470 937 1486 978 ε
1527 917 1687 979 unde
1717 928 1777 979 et
1804 927 2005 978 natum
2035 917 2403 998 proverbium
2433 935 2452 975 ε
2495 915 2564 973 In
2595 914 2771 973 Care'

558 1011 918 1091 periculum;
963 1012 1240 1087 subaudi,
1274 1013 1451 1074 facito
1474 1033 1492 1083 ς
1536 1014 1651 1074 hoc
1676 1023 1807 1075 est-t
1851 1014 1912 1075 in
1938 1013 2174 1074 homine
2201 1023 2305 1075 aut
2331 1032 2392 1072 re
2420 1010 2626 1071 viliore
2654 1010 2754 1069 fac

557 1107 949 1186 periculosam
976 1110 1413 1191 experientiam,
1467 1110 1527 1171 in
1557 1131 1677 1191 qua
1714 1112 1762 1173 si
1806 1129 2013 1192 parum
2040 1110 2289 1171 feliciter
2316 1107 2750 1181 cesserit,snou

555 1202 807 1264 multum
834 1204 1126 1286 dispendii
1154 1208 1531 1289 capiendum.

639 1301 824 1374 Crito,
854 1302 1031 1371 Quod
1058 1305 1513 1368 controversiam
1542 1306 1799 1370 dirimat.
1882 1308 2108 1387 Κριτὴε,
2146 1304 2354 1386 judex,
2401 1299 2748 1365 arbitrator:

558 1403 740 1475 κρίνω,
777 1398 1003 1478 judico,
1044 1401 1359 1483 interrogO,
1406 1406 1699 1479 examino,
1758 1405 2144 1485 quaestionem
2191 1403 2268 1463 de
2315 1401 2510 1483 aliquo
2536 1401 2752 1462 habeo.

559 1494 717 1555 Sane
746 1495 913 1556 Crito
939 1498 1218 1570 Andrius,
1246 1499 1512 1561 Athenas
1535 1502 1798 1574 veniens,
1819 1510 2005 1562 totam
2030 1500 2206 1580 hujus
2229 1497 2554 1559 Comoediae
2586 1495 2751 1558 litem

559 1600 623 1652 et
646 1595 1101 1655 controversiam
1129 1595 1378 1671 diremit,
1405 1597 1678 1659 indicans
1707 1620 1841 1678 quae
1869 1607 2031 1659 esset
2057 1596 2357 1658 Pasibula.

641 1686 945 1766 Chremes,
988 1691 1286 1753 Pasibuloe
1320 1704 1383 1754 et
1424 1695 1793 1758 Philumenae
1839 1706 2027 1776 pater,
2075 1715 2277 1756 senex.
2355 1697 2412 1756 A
2440 1697 2751 1771 screando,

559 1786 721 1866 quod
750 1807 923 1849 senes
951 1789 1102 1850 tussi
1127 1804 1458 1872 expurgent
1483 1804 1718 1873 pectus.
1800 1793 2190 1873 Χρέμπτομαι,
2222 1812 2408 1855 scre0.

638 1882 1001 1965 Glycerium,
1035 1888 1329 1949 meretrix.
1413 1890 1467 1949 A
1512 1891 1837 1970 voluptate,
1885 1888 1979 1949 vel
2027 1888 2363 1951 dulcedine.
2447 1891 2747 1968 Γλυκερόε,

556 1978 769 2041 dulcis.
853 1983 1011 2044 Hinc
1040 1984 1442 2066 Glycyrrhiza,
1488 1986 1681 2047 dulcis
1720 1985 1906 2046 radix.
1992 1984 2222 2064 Vulgus
2251 1986 2615 2067 Liquiritiam
2644 2007 2751 2048 vo·

558 2086 677 2137 cat.
757 2076 1049 2158 ‘Glycere,
1094 2080 1268 2160 hujus
1313 2082 1618 2163 Glyceres,
1666 2102 1879 2142 nomen
1923 2081 2182 2154 muli-eris
2232 2083 2552 2164 proprium,
2598 2085 2748 2145 verti

555 2173 734 2233 etiam
758 2184 976 2253 potest,
1006 2174 1196 2237 dulcis
1222 2197 1238 2237 ε
1279 2177 1405 2256 ejus
1435 2178 1845 2238 diminutivum
1874 2176 2238 2259 Glycerium,
2265 2178 2582 2240 dulcicula.

638 2269 850 2351 Mysis,
896 2272 1130 2333 ancilla.
1214 2274 1268 2333 A
1319 2274 1520 2355 Mysia
1567 2275 1776 2355 patria.
1860 2275 2072 2336 Strabo
2099 2275 2278 2336 refert
2305 2276 2612 2356 Mysorum
2641 2294 2750 2357 po·

555 2365 761 2445 pulum
788 2387 976 2448 usque
1002 2369 1153 2430 adeo
1181 2379 1544 2431 contemtum
1571 2370 1773 2444 fuisse,
1817 2381 1884 2432 ut
1936 2371 2239 2450 proverbio
2285 2369 2480 2430 locum
2523 2370 2746 2431 fecerit.

558 2462 631 2523 Id
660 2476 906 2545 usurpat
955 2466 1041 2525 M.
1070 2467 1298 2529 Tullius
1342 2468 1405 2527 in
1453 2468 1739 2529 Oratione
1786 2489 1891 2548 pro
1941 2467 2159 2528 Flacco
2184 2486 2200 2527 t
2244 2473 2261 2502 ‘
2285 2466 2487 2538 Quid:
2535 2467 2748 2545 inquit,

558 2565 577 2595 ‘
606 2579 780 2640 porro
806 2563 867 2622 in
897 2563 1108 2625 Graeco
1139 2583 1409 2625 sermone
1437 2573 1559 2624 tam
1588 2565 1787 2624 tritum
1817 2575 1992 2644 atque
2018 2563 2378 2625 celebratum
2405 2572 2517 2635 est,
2547 2582 2747 2640 quam,

557 2657 611 2717 si
637 2659 769 2737 quis
798 2659 1126 2741 despicatui
1154 2660 1409 2737 ducitur,
1437 2672 1506 2723 ut
1533 2661 1841 2742 Mysorum
1871 2662 2112 2722 ultimus
2140 2680 2274 2720 esse
2303 2658 2533 2720 dicatur
2554 2658 2598 2716 ‘C’

638 2757 874 2833 Lesbia,
900 2759 1205 2821 obstetrix.
1264 2762 1319 2822 A
1348 2762 1538 2822 Lesbo
1568 2760 1782 2821 insula.
1839 2758 2153 2819 Rationem
2172 2757 2358 2817 habes
2383 2754 2562 2836 paulo
2584 2763 2745 2815 ante.

785 3178 1039 3246 LOCA
1084 3175 1644 3258 MENANDRI,
1688 3178 1811 3244 ΕΤ
1852 3169 2507 3253 APOLLODORI‚

557 3315 749 3370 θυαε
791 3314 1303 3367 TEREN'rms
1361 3312 1697 3365 LA'rrNE
1750 3313 1905 3364 EST
1958 3309 2743 3366 1NTERPRETATUS.

1215 3511 1711 3563 SCHREVELIUS
1751 3509 2080 3561 LECTORI.
2126 3539 2157 3574 0

558 3628 884 3690 Sunsncn·
930 3626 1174 3687 editioni
1219 3625 1588 3686 Terentianae
1616 3645 1652 3685 a
1680 3644 1746 3684 se
1773 3622 2078 3683 recensitae
2110 3620 2306 3683 Nobil.
2333 3640 2405 3681 ac
2433 3620 2746 3682 celeberri-

549 3737 688 3784 ‘mus
719 3725 877 3785 Dan.
909 3724 1187 3784 Heinsius
1218 3724 1373 3784 Loca
1399 3723 1624 3802 aliquot
1653 3719 1988 3792 Menandri,
2030 3738 2166 3798 quae
2193 3717 2502 3778 Terentius
2534 3716 2745 3777 Latine

555 3831 649 3884 est
671 3824 950 3897 imitatus,
977 3841 1051 3882 ex
1079 3820 1428 3890 collectione
1454 3819 1712 3879 Andreae
1743 3817 1929 3878 Scotti
1952 3834 1972 3876 ¹:
2013 3833 2124 3878 nos
2167 3815 2242 3882 iis
2282 3813 2400 3875 alia
2418 3833 2500 3874 ex
2527 3812 2744 3875 eodem

553 3919 887 3979 Menandro
917 3918 1309 3998 adjunximus,
1360 3927 1538 3994 atque
1581 3916 1821 3992 insuper
1861 3931 1935 3972 ex
1965 3909 2348 3991 Apollodoro,
2391 3909 2559 3988 quod
2603 3910 2741 3969 illos

555 4016 707 4075 duos
732 4016 961 4095 proprie
990 4008 1250 4075 imitatus
1278 4013 1453 4073 fuerit
1477 4020 1656 4091 atque
1685 4007 2035 4087 expresserit
2061 4006 2272 4077 Poeta,
2313 4004 2478 4086 quod
2516 4023 2593 4066 ex
2622 4004 2743 4063 Co·

552 4114 894 4175 moediarum
924 4112 1051 4192 ejus
1073 4115 1406 4192 ἐπιγραφαῖς
1427 4117 1521 4169 est
1541 4105 1931 4166 manifestum.
1990 4103 2079 4164 Ea
2098 4111 2297 4162 autem
2319 4100 2492 4161 nobis
2515 4119 2738 4180 suppe-

549 4208 831 4284 ditarunt,
881 4207 1091 4289 partim
1141 4215 1415 4286 excerpta
1458 4203 1744 4265 Grotiana
1797 4222 1872 4264 ex
1918 4199 2244 4280 Tragoediis
2292 4209 2354 4260 et
2403 4195 2728 4260 Comoediis
