3050 4942
522 404 660 469 ΕΜ,
871 420 937 467 ·r.
987 417 1209 468 FAmu
1260 416 1457 467 ouss.
1504 417 1608 466 An
1652 417 1914 466 mmm
1963 418 2351 469 naemu.

528 563 627 622 Sic
655 562 811 623 enim
839 561 1077 621 omuino
1107 561 1428 641 legendum
1457 574 1572 622 est.
1655 562 1745 622 Ita
1772 560 2044 634 Plautum
2072 563 2208 623 med
2236 582 2396 641 erga.

553 728 560 734 ι
610 659 703 718 Ita
730 658 801 717 fit
826 667 907 730 et,
935 657 1065 730 sed,
1093 675 1200 736 pro
1230 676 1330 727 se3
1373 658 1687 718 Terentius
1716 659 1902 721 Andr.
1936 670 2053 720 act.
2082 680 2165 720 xv.
2197 680 2281 720 sc.
2310 664 2366 719 5.
2397 662 2454 718 2.

670 805 672 808 ,
766 760 784 788 ⁴
808 754 958 823 Quae
989 753 1098 813 sed
1127 754 1442 817 inhoneste
1469 756 1697 835 optavit
1725 774 1928 834 parere
1955 755 2053 815 hic
2082 756 2362 816 divitias.'

603 854 742 915 JAM
775 851 1130 931 disyllabum
1160 864 1419 922 esnaet.
1446 872 1535 914 11.
1565 874 1651 913 sc.
1686 856 1738 918 1.
1768 856 1865 912 29.

682 958 700 986 ‘
731 952 958 1026 Profer,
988 953 1129 1016 dum
1157 949 1497 1031 proficiscar
1525 949 1749 1029 alique,
1778 969 1852 1011 ne
1884 948 2110 1011 videam
2137 968 2153 1009 t
2196 948 2336 1009 audi
2364 969 2523 1012 nuno
2566 950 2727 1010 iam!

522 1049 1014 1128 EsttrochaicuS.
1070 1047 1191 1107 Sed
1215 1046 1327 1105 hoc
1350 1046 1486 1125 plus
1515 1045 1716 1110 decies
1747 1045 1911 1125 apud
1938 1045 2220 1109 Plautum
2249 1046 2532 1109 invenias,
2576 1046 2730 1107 Pro-

519 1146 910 1207 nuntiandum
939 1144 1110 1225 quasi
1140 1143 1190 1203 si
1219 1142 1500 1222 scriptum
1530 1152 1714 1215 esset,
1742 1143 1913 1202 Yam.

603 1242 737 1303 Hoc
766 1242 825 1301 in
849 1242 1060 1323 primis,
1078 1258 1323 1306 necesse
1345 1247 1441 1311 est
1466 1239 1827 1311 meminisse,
1855 1257 1931 1298 ne
1960 1238 2094 1317 quis
2120 1237 2359 1302 fallatur
2386 1238 2446 1297 in
2475 1238 2730 1299 metien-

522 1338 601 1398 do
629 1339 907 1411 carmine,
946 1336 1285 1401 Terentium
1335 1337 1408 1405 ab
1448 1354 1569 1397 uno
1598 1355 1813 1414 genere
1845 1334 1923 1394 ad
1964 1335 2211 1397 alterum
2240 1334 2530 1396 interdum
2560 1344 2727 1393 tran-

521 1435 676 1494 silire
696 1455 713 1504 ;
757 1435 897 1514 quin
927 1445 987 1500 et
1015 1432 1345 1493 trochaicos
1374 1432 1640 1505 iambus,
1681 1440 1745 1494 et.
1764 1435 2012 1502 bontra,
2058 1431 2144 1492 sic
2186 1431 2606 1502 intermiscere,
2634 1440 2726 1502 ut,

520 1532 746 1610 absque
776 1530 1041 1609 diligenti
1070 1530 1504 1602 observatione,
1528 1528 1594 1587 id
1622 1528 1786 1591 haud
1813 1530 1986 1593 facile
2014 1528 2256 1589 sentias.

601 1629 767 1702 Euo,
784 1638 852 1688 ut
863 1629 995 1689 aliae
1010 1627 1284 1707 quaedam
1296 1626 1783 1699 exclamationes,
1794 1625 2257 1704 indignationes,
2270 1623 2727 1703 interJectioneS‚

518 1723 815 1785 interdum
845 1735 1012 1785 extra
1035 1734 1286 1784 metrum
1317 1734 1657 1797 censentur,-
1684 1734 1764 1788 ut«
1780 1722 1968 1784 Andr.
1998 1732 2115 1784 aet.
2149 1742 2233 1785 1v.
2255 1726 2430 1781 sc..4.
2460 1723 2560 1780 27.

681 1827 705 1855 ί
731 1822 881 1894 Eho,
911 1842 986 1881 an
1015 1841 1135 1881 non
1163 1820 1301 1888 est?
1340 1830 1510 1885 recte
1531 1840 1645 1900 ego
1675 1839 1906 1900 semper
1931 1819 2059 1899 fugi
2084 1818 2192 1878 has
2214 1817 2493 1898 nuptias!

521 1914 671 1978 Cum
703 1925 899 1978 autem
927 1917 1016 1980 sit,
1032 1916 1318 1981 iambicus
1349 1917 1637 1989 senarius,
1668 1916 1837 1977 ‘Eho
1856 1915 1872 1940 '
1900 1915 2078 1980 debet
2106 1934 2240 1977 esse
2267 1924 2726 1981 extremi-sum

517 2023 577 2074 et
604 2013 666 2072 id
697 2015 892 2075 Graeci
920 2015 1292 2087 factitabant,
1321 2024 1390 2074 ut
1417 2034 1598 2093 supra
1624 2014 1979 2074 notavimus·

597 2109 908 2171 Postrema
933 2111 1194 2175 omnium
1222 2111 1559 2174 observatio
1597 2122 1711 2185 est,
1752 2130 1977 2173 omnes.
2007 2107 2249 2169 omnino
2301 2105 2561 2168 Fabulas
2610 2108 2729 2166 Te·

517 2206 687 2265 rentii
714 2205 772 2264 in
802 2205 1133 2266 trochaicos
1164 2205 1476 2274 desinere;
1521 2205 1684 2285 quod
1735 2206 1889 2267 idem
1933 2206 2008 2266 de
2054 2204 2331 2266 omnibus
2378 2202 2576 2265 Plauti
2606 2204 2731 2262 Co-

517 2299 757 2365 moediis
779 2320 980 2369 verum
1009 2320 1146 2371 esse
1189 2299 1337 2360 scio.
1420 2301 1789 2381 Excipienda
1835 2313 2036 2364 tamen
2083 2300 2319 2362 videtur
2365 2299 2729 2373 Pseudolus,

520 2396 687 2478 cujus
715 2408 1048 2476 postremus
1073 2416 1278 2458 versus
1308 2407 1442 2458 est:

682 2493 919 2574 ‘Atque
958 2496 1283 2574 approbare
1327 2493 1487 2555 hunc
1536 2513 1798 2574 gregem,
1840 2503 1902 2554 et
1953 2491 2252 2561 fabulam;
2296 2492 2358 2556 in
2398 2491 2729 2554 crastinum

558 2657 563 2665 ,
801 2608 904 2651 vos
933 2591 1205 2651 vocab0.'

522 2684 639 2746 Sed
677 2686 960 2753 audacter
1004 2688 1294 2749 affirmare
1337 2688 1564 2768 possim
1592 2686 1827 2749 duobus
1855 2688 1915 2747 in
1944 2687 2091 2752 locis
2121 2706 2356 2752 versum
2382 2704 2563 2748 unum
2594 2704 2729 2746 cor-

518 2773 756 2862 ruptum
785 2803 939 2850 esse.
1023 2784 1173 2847 Eum
1202 2784 1289 2846 sie
1317 2785 1520 2864 leges:
1566 2784 1765 2864 Atqu
1792 2785 1949 2850 ,hm
1987 2785 2319 2864 approbare
2356 2803 2620 2864 gregem,
2668 2789 2729 2841 et

499 2878 777 2957 fabulam
794 2903 819 2949 ,·
858 2884 923 2942 in
964 2884 1292 2947 crastinum
1331 2901 1429 2944 voe
1469 2902 1630 2944 voco.
1714 2879 1895 2965 Quod
1924 2881 2103 2943 miror
2131 2900 2170 2940 a·
2194 2880 2429 2944 nemine
2457 2877 2730 2943 animad-

518 2993 752 3036 versum
779 2977 985 3038 fuisse.
1062 2978 1145 3037 At
1190 2979 1365 3049 istuc,
1417 2978 1704 3051 fabulam,
1750 2976 2097 3057 disyllabice
2134 2974 2508 3055 pronuntiari.
2525 2974 2727 3047 debet,

520 3089 594 3144 ex
622 3073 841 3150 regulis
871 3073 1243 3154 etvexemplis
1288 3074 1555 3153 superius
1601 3073 1837 3154 positis.
1920 3073 2136 3135 Cetera
2182 3074 2335 3134 bene
2377 3072 2727 3153 procedent.

518 3165 588 3226 In
618 3178 881 3236 extremo
918 3190 1093 3234 versu
1135 3170 1429 3234 Asinaria>
1469 3181 1563 3232 est
1604 3171 1782 3232 etiam
1825 3190 2022 3231 error:
2065 3188 2207 3232 nam
2252 3169 2351 3231 ille
2394 3188 2600 3230 versus
2651 3188 2727 3229 ex

517 3261 843 3331 Trochaico
890 3266 1153 3347 legitimo
1201 3268 1396 3332 factus
1445 3279 1541 3329 est
1581 3267 1919 3331 octonarius
1964 3267 2215 3330 vitiosus
2265 3265 2499 3332 duobus
2551 3265 2723 3328 locis.

523 3357 622 3418 Sic
647 3359 867 3423 habet:
2111 3420 2117 3426 .

685 3462 701 3492 ‘
734 3457 956 3518 Remur
980 3460 1275 3540 impetrari
1302 3481 1501 3541 posse,
1544 3462 1594 3521 si
1624 3461 1898 3542 plausum
1925 3463 2009 3525 sic
2038 3460 2263 3523 clarum
2286 3458 2491 3523 datis!

520 3550 619 3623 Sjc
648 3564 843 3619 autem
871 3554 969 3615 ille
997 3557 1384 3620 scribendus:

681 3650 905 3716 Rmur
928 3654 1241 3731 inquirat-i
1256 3674 1450 3733 posse,
1475 3656 1531 3716 si
1548 3656 1826 3733 plausum
1854 3654 2287 3719 clarumrhtis.

518 3741 737 3817 Ceteri,
765 3748 867 3825 qui
893 3748 1152 3829 aaeGrege
1179 3750 1655 3831 pronuntiantur,
1701 3761 1763 3811 et
1808 3750 1967 3813 hunc
2009 3751 2377 3829 praecedunt,
2423 3756 2568 3808 sunt
2591 3766 2719 3807 cer·

513 3839 726 3906 tissimi
754 3844 1083 3909 Trochaici.

596 3937 746 3998 Haec
776 3942 981 4018 paucis
1026 3942 1282 4021 quidem,
1326 3944 1455 4017 sed,
1505 3954 1575 4005 ut
1623 3964 1819 4024 spero,
1869 3964 1950 4006 ea.
1969 3944 2118 4006 satis
2141 3943 2361 4005 fuerint
2387 3940 2466 4002 ad
2493 3940 2601 4000 illa
2626 3941 2717 3999 in·

513 4031 838 4112 telligenda
865 4056 1000 4113 quae
1045 4037 1106 4095 in
1151 4040 1363 4099 ceteris
1392 4039 1651 4100 Terentii
1682 4039 1923 4100 Fabulis
1950 4040 2127 4120 paulo
2152 4037 2525 4121 impeditiora
2551 4036 2717 4097 vide-

512 4129 751 4191 buntur.
836 4132 1048 4212 Neque
1092 4155 1229 4196 vero
1257 4137 1399 4197 mihi
1436 4137 1513 4197 ad
1559 4136 1918 4198 credendum
1966 4136 2207 4197 difficile
2253 4146 2366 4207 est,
2408 4155 2543 4214 quae
2596 4132 2717 4192 dixi

512 4226 714 4300 mod0‚
756 4246 874 4287 non
922 4250 995 4289 ex
1043 4252 1216 4309 aequo
1261 4233 1533 4295 omnibus
1572 4234 1884 4315 probatum
1913 4234 2018 4301 iri;
2063 4232 2171 4294 sed
2200 4231 2278 4294 ad
2306 4249 2412 4291 eos
2436 4248 2713 4311 provoco,

513 4321 613 4398 qui
644 4324 956 4402 scriptores
986 4327 1269 4405 antiquos
1291 4330 1441 4391 bene
1471 4349 1546 4391 ac
1571 4331 1888 4410 diligenter
1914 4330 2185 4411 legerint.
