3050 4942
1099 421 1292 471 mvn
1342 422 1815 473 casrrcssio.
2413 410 2540 478 131

338 569 673 640 trochaicos
721 579 785 630 et
830 566 1118 629 iambicos
1162 575 1558 639 tetrametros,
1605 567 1703 625 vix
1753 576 1820 626 ut
1867 565 2194 629 discernere
2237 569 2538 632 interdum

335 667 570 745 possis:
602 666 763 726 unde
790 666 1063 725 nimirum
1088 666 1156 725 fit
1178 665 1510 744 aliquoties,
1540 675 1626 739 ut,
1655 684 1804 744 quos
1836 665 1984 725 forte
2017 665 2226 745 aliquis
2254 667 2536 728 iambicos

336 782 469 824 esse
497 763 833 835 crediderit,
878 762 1053 822 iidem
1096 760 1380 822 trochaici
1429 761 1622 822 verius
1662 762 1887 823 censeri
1917 774 2159 841 queant.
2243 764 2428 844 Cujus
2454 767 2538 825 rei

335 880 471 920 cum
520 860 640 920 alia
681 860 868 921 multa
894 861 1165 942 exempla
1192 870 1352 934 sunt,
1392 869 1517 919 tum
1545 859 2082 922 commodissimum
2110 860 2286 919 fuerit
2313 881 2385 921 ex
2412 862 2537 921 An-

339 955 487 1029 dria,
539 976 722 1018 scena
767 957 955 1035 prima
997 967 1165 1017 actus
1194 956 1423 1036 quinti:
1468 957 1569 1015 ubi
1598 956 1746 1017 duos
1777 957 1996 1036 primos
2023 973 2257 1029 versus,
2294 957 2389 1017 vel
2432 978 2536 1038 per

340 1052 568 1113 iambos
600 1054 833 1132 aliquis,
864 1054 954 1114 vel
983 1073 1088 1133 per
1114 1053 1409 1114 trochaeos
1439 1052 1632 1130 metiri
1660 1054 1869 1134 possit,
1897 1054 2009 1113 nisi
2036 1052 2195 1131 quod
2223 1054 2538 1134 insequen-

338 1156 427 1208 tes
459 1169 666 1209 versus
695 1169 798 1228 per
824 1150 1118 1211 trochaeos
1148 1168 1283 1209 esse
1310 1148 1641 1210 metiendos
1670 1149 1956 1211 indicant.
2039 1149 2186 1209 Inde
2231 1170 2388 1211 error
2437 1170 2539 1211 eo-

341 1266 496 1320 rum,
537 1247 640 1325 qui
670 1246 953 1308 iambicos
978 1246 1301 1326 quadratos
1331 1266 1463 1306 esse
1494 1259 1868 1321 annotatam,
1911 1267 2044 1308 cum
2074 1247 2264 1328 quivis
2291 1266 2413 1307 non
2442 1240 2539 1307 ru·-

341 1342 621 1403 dissimus
653 1343 827 1422 plane
851 1344 1059 1404 harum
1086 1363 1279 1404 rerum
1306 1345 1633 1405 trochaicos
1662 1365 1794 1405 esse
1821 1345 2040 1405 videat.
2098 1345 2213 1405 Hic
2238 1343 2386 1403 illud
2414 1344 2541 1404 obi-

268 1469 271 1471 *
340 1451 449 1513 ter,
493 1441 759 1518 quamvis
804 1442 951 1513 leve,
997 1442 1434 1526 admonendum
1481 1452 1664 1523 puto:
1706 1443 1847 1504 mire
1892 1443 2188 1502 interdum
2227 1442 2418 1501 Poeta
2462 1440 2540 1500 de

342 1536 637 1597 industria
664 1540 1019 1600 sententiam
1049 1560 1263 1620 genere
1293 1542 1424 1621 ipso
1455 1542 1622 1600 metri
1657 1541 1864 1620 juvare
1902 1540 2173 1600 videtur:
2216 1539 2379 1598 velut
2419 1538 2497 1597 ibi
2522 1557 2538 1596 :
2568 1527 2576 1532 ”

341 1641 357 1668 ⁴
385 1634 484 1693 Dii
512 1635 674 1707 boni,
719 1635 856 1694 boni
900 1634 1047 1715 quid
1088 1637 1303 1714 porto?
1347 1636 1455 1697 sed
1501 1637 1601 1697 ubi
1654 1638 1949 1697 inveniam
1999 1634 2414 1716 Pamphilum?
2459 1635 2542 1695 Ut

342 1742 564 1791 metum
606 1732 668 1790 in
711 1752 829 1811 quo
859 1741 1015 1803 n'unc
1043 1744 1137 1794 est
1164 1733 1440 1806 adimam,
1489 1744 1668 1814 atque
1700 1735 1966 1814 expleam
1995 1734 2252 1794 animum
2285 1732 2543 1812 gaudi0,'

345 1832 457 1888 διο.
544 1828 660 1887 Ubi
708 1829 993 1890 trochaici
1042 1830 1314 1890 carminis
1364 1850 1541 1890 cursu
1587 1842 1648 1891 et
1693 1831 2059 1891 volubilitate
2108 1828 2542 1890 festinationem

346 1937 736 2005 repraesentat
763 1927 981 1986 servuli
1015 1927 1340 1988 insolenter
1367 1929 1708 2002 exultantis,
1737 1941 1798 1989 et
1825 1928 2126 1989 alacritate
2154 1927 2334 1987 nimia
2364 1925 2547 2006 gesti-

350 2025 527 2083 entis.
611 2023 907 2091 Quocirca
935 2025 1157 2103 passim
1199 2025 1515 2099 trochaeos,
1557 2026 1905 2099 tribrachos,
1947 2035 2284 2105 anapaestos
2327 2022 2547 2084 admis-

347 2121 469 2179 cuit
493 2141 508 2179 :
550 2119 739 2202 pedes
759 2120 1006 2192 scilicet,
1024 2123 1237 2200 quibus
1266 2122 1537 2183 celeritas
1563 2124 1910 2202 plerumque
1939 2142 1975 2182 a
2000 2122 2212 2183 ceteris
2240 2121 2380 2180 item
2406 2120 2548 2198 poe-

349 2216 422 2276 tis
451 2216 701 2296 exprimi
732 2216 903 2276 solet.
991 2218 1267 2278 Similiter
1295 2219 1354 2278 in
1386 2220 1676 2280 Eunucho
1704 2220 1961 2280 subitum
1989 2237 2291 2298 egressum
2331 2216 2547 2297 puellae

348 2316 705 2393 perturbatae
734 2312 1031 2374 celeritate
1071 2315 1201 2394 ipsa
1243 2317 1461 2395 pedum
1504 2318 1835 2396 expressit:
1875 2316 1977 2375 ubi
2023 2314 2339 2388 Phaedria:
2384 2321 2400 2349 ‘
2426 2312 2547 2374 Sed

347 2411 490 2491 quid
518 2411 638 2470 hoc
668 2411 797 2484 est,'
824 2411 1039 2490 inquit,
1067 2419 1083 2446 ⁴
1103 2412 1497 2491 quod‘timida
1526 2415 1719 2473 subito
1743 2412 2042 2492 egreditur
2061 2412 2308 2493 Pythias
2325 2410 2371 2469 ’ζ’
2413 2411 2547 2482 Hoc

348 2507 552 2568 dedita
580 2527 761 2587 opera
780 2508 1027 2568 Po'e'tam
1055 2510 1138 2569 ita
1166 2510 1397 2584 fecisse,
1425 2510 1518 2572 vel
1548 2511 1699 2570 illud
1728 2511 1947 2571 indicio
1975 2509 2172 2580 fuerit,
2195 2508 2381 2588 quod,
2411 2528 2548 2569 cum

347 2607 526 2666 ceteri
555 2604 733 2684 hujus
762 2625 959 2666 scenae
985 2626 1191 2666 versus
1240 2607 1476 2667 iambici
1522 2608 1662 2681 sint,
1702 2627 1858 2666 unus
1888 2606 1986 2666 hic
2013 2607 2273 2670 trimeter
2298 2604 2552 2664 trochai-

349 2722 453 2762 cus
482 2720 622 2762 esse
650 2701 938 2762 videatur.
1024 2702 1102 2762 Et
1146 2703 1367 2784 alioqui
1412 2705 1568 2764 solet
1594 2704 1888 2763 interdum
1914 2704 2104 2763 Po‘eta
2129 2712 2355 2761 mutare
2382 2701 2552 2762 metri

350 2816 565 2876 genae,
609 2816 747 2856 cum
773 2807 1028 2858 ventum.
1043 2808 1138 2858 est
1164 2798 1242 2859 ad
1279 2805 1639 2877 παρασκευὴν
1671 2818 1871 2859 scenae
1900 2799 2240 2879 sequentis:
2281 2796 2444 2857 velut
2487 2797 2549 2854 in

350 2893 506 2953 And.
540 2903 659 2954 act.
691 2914 741 2955 1.
773 2914 955 2954 scena
984 2899 1039 2955 3.
1090 2885 1152 2957 et
1191 2916 1392 2958 rursus
1422 2908 1540 2957 act.
1575 2917 1684 2958 111.
1713 2916 1894 2957 scena
1918 2901 1978 2957 4.
2064 2896 2283 2975 Iterum
2311 2904 2428 2953 act.
2463 2912 2550 2953 lv.

352 3011 536 3052 scena
570 2994 625 3051 1.
677 2993 744 3051 In
776 2991 1014 3071 Hecyra
1033 2985 1154 3053 act.
1176 3013 1286 3054 111.
1318 3013 1499 3054 scena
1526 2997 1584 3055 3.
1649 2994 1948 3054 Praeterea
1968 2993 2034 3052 ‘in
2061 2992 2301 3052 Phorm.
2332 2998 2447 3049 act.
2470 3009 2551 3049 11.

352 3108 537 3149 scena
566 3092 626 3148 2.
713 3089 811 3172 Sic
840 3089 992 3149 alias
1021 3110 1200 3170 saepe.
1288 3092 1430 3152 Tale
1459 3092 1608 3151 illud
1634 3096 1875 3171 quoque‘
1911 3110 1983 3150 ex
2023 3085 2351 3168 Adelphis:
2397 3094 2413 3122 ‘
2437 3087 2554 3146 Ce-

352 3198 513 3246 teros
539 3204 791 3259 ruerem,
825 3205 1078 3266 agerem,
1117 3208 1404 3266 raperem,
1445 3189 1777 3261 tunderem,
1806 3197 1867 3248 et
1890 3186 2358 3267 prosternerem!
2438 3184 2555 3245 Cui

352 3293 448 3341 est
475 3281 721 3362 aliquod
753 3283 978 3342 aurium
1011 3283 1325 3362 judicium,
1373 3287 1425 3344 is
1469 3284 1642 3346 facile
1689 3287 1922 3357 sentiet,
1970 3305 2075 3345 cur
2115 3284 2194 3344 sit
2219 3283 2408 3342 Poeta
2433 3289 2554 3341 tro-

355 3377 567 3438 chaico
613 3397 761 3438 usus
807 3378 1125 3439 hocloco:
1169 3380 1439 3440 nimirum
1487 3390 1556 3440 ut
1602 3397 1843 3441 sensum
1877 3381 2136 3460 quodam
2163 3379 2344 3440 veluti
2375 3396 2552 3438 cursu

355 3473 579 3552 pedum
615 3475 864 3535 citorum
903 3476 1179 3554 juvaret:
1221 3478 1386 3556 quod
1436 3488 1498 3539 et
1542 3478 1865 3561 principem
1903 3481 2216 3559 ,poetarum
2244 3474 2558 3555 Virgilium

361 3588 521 3649 saepe
549 3570 858 3631 factitasse
887 3581 1143 3631 constat.
1225 3574 1401 3646 Nam,
1450 3584 1517 3633 ut
1541 3574 1881 3635 tarditatem
1917 3576 2001 3635 rei
2029 3574 2556 3652 difficultatemque

362 3667 680 3745 exprimere
707 3686 845 3728 cum
872 3667 1019 3754 vult,
1046 3671 1263 3731 crebris
1293 3672 1629 3750 spondaeis:
1658 3672 1764 3746 ita,
1793 3692 1929 3732 cum
1958 3670 2314 3733 celeritatem
2345 3677 2406 3726 et
2429 3665 2556 3725 vel-

363 3774 429 3822 ut
453 3764 739 3840 impetum
765 3773 829 3822 et
852 3764 1311 3838 festinationem,
1341 3767 1594 3848 dactylis
1623 3769 2028 3847 frequentibus
2055 3765 2258 3826 utitur.
2336 3760 2556 3832 Prioris

368 3859 698 3938 exemplum
743 3859 896 3919 illud
938 3873 1033 3921 est
1055 3882 1130 3923 ex
1156 3864 1328 3924 tertio
1356 3864 1638 3924 AEneidos
1663 3884 1681 3925 :
1725 3873 1742 3899 ‘
1765 3863 1984 3922 Annixi
2012 3855 2289 3940 torquent
2316 3877 2558 3939 spumas

370 3964 430 4015 et
453 3956 677 4017 coerula
701 3959 984 4017 verrunt!
1062 3960 1412 4023 Posterioris
1439 3962 1587 4023 illud
1617 3981 1690 4021 ex
1717 3970 1963 4041 quarto:
2008 3965 2024 3993 ‘
2051 3958 2218 4040 Idem
2246 3947 2449 4017 omnes
2480 3956 2559 4014 si·-

373 4053 492 4111 mul
534 4052 710 4112 ardor
749 4053 948 4127 habet,
1000 4058 1352 4138 rapiuntque
1396 4070 1713 4139 ruuntque.
1797 4057 2021 4136 Littora
2054 4053 2402 4126 deseruere‚'
2445 4057 2560 4116 διο.
2604 4127 2607 4136 ἡ

377 4148 489 4207 Sed
518 4150 693 4209 nimis
722 4151 934 4223 multa,
975 4153 1052 4214 de
1094 4174 1156 4216 re
1202 4157 1526 4236 praesertim
1571 4158 1707 4217 levi.
1790 4145 2147 4215 observabit
2168 4152 2300 4211 haec
2328 4149 2560 4227 aliaque

378 4242 435 4311 id
463 4266 649 4326 genus
671 4235 781 4332 pei·
807 4268 871 4310 se
910 4249 1039 4329 ipse
1064 4249 1251 4314 lector
1276 4253 1601 4316 studiosuS.
1684 4252 1841 4313 Illu'd
1868 4272 1986 4313 non
2016 4245 2430 4331 ignorandum,
2459 4262 2559 4307 eo·
