3050 4942
971 395 1069 444 nn
1115 393 1417 445 comols
1462 375 1857 447 reuersus.
2366 380 2495 448 169

306 535 686 617 appellatam.
744 534 864 598 Sed
892 538 967 598 ab
988 531 1448 599 Atheniensibus
1476 557 1664 618 pagos
1688 557 1807 599 non
1838 541 2039 619 κώμας,
2066 558 2266 599 verum
2284 523 2496 620 ’δήμους

303 631 524 696 vocari.
608 635 910 696 Similiter,
929 644 990 696 et
1037 635 1328 715 quosdam
1376 635 1839 716 Peloponnesios
1870 636 1952 696 ait
1981 635 2372 696 suum-facere
2401 636 2494 696 in-

300 742 547 790 ventum
573 729 966 810 Tragoediam,
1006 730 1169 811 quod
1213 730 1432 791 fabuloe
1473 730 1732 811 δράματα
1779 731 2072 802 dicantur,
2120 751 2253 791 cum
2293 732 2490 792 tamen'

305 826 768 896 Atheniensibus
793 828 855 887 in
882 848 995 888 usu
1024 848 1143 889 non
1173 827 1251 889 sit
1275 831 1516 889 verbum
1544 828 1704 908 δρᾷν,
1755 827 1859 889 sed
1903 828 2188 907 πράττειν.
2270 827 2495 888 Ibidem

305 933 365 982 et
405 923 521 984 hoc
566 924 846 1005 scriptum
875 935 988 986 est.
1070 914 1180 985 Ab'
1209 944 1281 986 eo
1326 917 1561 987 demum
1588 936 1848 1008 tempore
1876 923 2197 986 Comoediae
2225 933 2495 986 auctores

304 1019 612 1094 celebrari,
658 1041 779 1100 quo
824 1022 1070 1083 formam
1092 1023 1196 1084 illa
1222 1032 1283 1084 et
1309 1023 1565 1103 speciem
1590 1023 1889 1103 quandam
1917 1031 2096 1082 nacta
2118 1020 2343 1093 fuerit‚--
2359 1039 2498 1082 cum

303 1116 597 1196 principio
624 1120 878 1179 obscura
906 1129 1087 1194 esset,
1114 1130 1175 1181 et
1192 1131 1461 1182 auctores
1489 1121 1673 1200 ipsius
1702 1120 1968 1182 laterent.
2031 1119 2152 1179 Sed
2172 1116 2497 1188 Comoedia,

307 1234 442 1293 quae
469 1214 682 1295 priscis
709 1219 1069 1297 temporibus
1098 1218 1158 1278 in
1186 1238 1297 1279 usu
1326 1219 1458 1292 fuit,
1499 1237 1619 1298 qua
1661 1216 2004 1279 nominatim
2046 1216 2131 1276 hi·
2152 1215 2496 1295 autvimprog·

304 1313 414 1371 bos
461 1321 569 1372 aut
616 1311 906 1375 inimicos·
928 1334 1068 1376 suos
1114 1315 1610 1396 pei-stringebant,
1652 1314 1978 1395 principum
2023 1313 2200 1373 etiam
2241 1311 2494 1372 virorum

301 1409 487 1469 vitam
514 1419 580 1469 et
602 1429 795 1471 mores
822 1411 1343 1491 reprehendentes,
1384 1414 1515 1475 haec
1547 1413 1725 1493 igitur
1753 1411 1998 1490 antiqua
2024 1409 2185 1470 dicta
2207 1417 2318 1469 est.
2370 1445 2377 1452 -
2402 1408 2499 1466 De

300 1504 476 1585 cujus
505 1505 749 1568 licentia
775 1508 1154 1587 κωμωδεῒσθαι
1181 1511 1579 1593 vulgo-dixere
1603 1530 1726 1584 eos,
1750 1510 1854 1589 qui
1880 1507 2105 1588 probris
2133 1506 2499 1570 lacesserem.-

304 1611 420 1662 tur.
504 1602 703 1683 Hujus
731 1614 935 1665 auctor
962 1607 1393 1669 vetustissimus
1421 1608 1755 1668 nominatur
1782 1604 2092 1685 Sannyrio.
2160 1600 2280 1664 Sed
2307 1603 2498 1664 excel-

299 1699 493 1761 lentes
519 1703 708 1771 fuere,
735 1701 1096 1782 temporibus
1120 1703 1262 1764 belli
1288 1703 1726 1785 Peloponnesii,

549 1832 799 1946 Eupolis
827 1852 1003 1927 atque
1033 1846 1331 1922 Cratinus,
1359 1831 1905 1929 Aristophanesque
1929 1847 2144 1938 poe‘tae.

309 1997 459 2062 Haec
490 2011 701 2082 postea
726 2003 838 2064 fuit
864 2013 1111 2079 mutata,
1140 2026 1276 2067 cum
1304 2005 1594 2079 dolerent,
1622 2017 1692 2067 ut
1714 2006 1906 2087 inquit
1931 2006 2230 2078 Horatius,
2252 2012 2501 2066 cruento

306 2096 485 2159 dente
513 2098 793 2160 lacessiti.
856 2101 1005 2161 Tum
1034 2122 1248 2165 nomen
1274 2104 1531 2166 obtinuit
1559 2102 1801 2179 Mediae,
1829 2123 1964 2185 quae
1993 2101 2360 2164 dissimulato
2387 2120 2495 2161 no-

308 2194 466 2256 mine
492 2195 637 2257 vitia
664 2205 890 2257 tantum
918 2199 1285 2278 exagitaret:

1618 2343 1955 2413 Quinetiam
1981 2341 2097 2434 lex*

553 2436 855 2517 Poenaque
884 2437 1026 2515 lata,
1055 2440 1215 2501 malo
1241 2461 1377 2522 quae
1404 2439 1593 2504 nollet
1620 2441 1879 2504 carmine
1906 2457 2242 2522 quenquam

543 2531 835 2596 Describi.

306 2674 507 2758 Atque
535 2679 730 2740 ferunt
760 2681 1013 2761 Eupolin
1042 2683 1102 2744 in
1134 2684 1277 2744 mari
1321 2685 1709 2758 submersum,
1758 2683 1946 2744 abiis
1985 2701 2135 2762 quos
2164 2678 2499 2741 maledictis

301 2776 582 2855 laesisset.
664 2777 814 2837 Tum
861 2779 1522 2861 igitur.Tragoediarum
1550 2781 1671 2842 fere
1697 2787 2045 2859 argumenta
2072 2776 2407 2837 detulerunt
2428 2775 2493 2833 in

308 2891 568 2944 scenam,
613 2882 840 2934 retexta
888 2876 965 2936 ad
1011 2876 1323 2939 ridiculum
1351 2877 1633 2938 modum:
1676 2876 1869 2957 deque
1895 2876 2011 2936 hoe
2040 2893 2253 2953 genere
2279 2872 2495 2933 chorus

306 2968 590 3048 paulatim
618 2970 883 3033 defluxit.
966 2974 1035 3033 In
1065 2994 1181 3055 quo
1208 2996 1333 3057 pree
1360 2975 1574 3037 ceteris
1603 2973 1797 3035 clarus
1839 2973 1952 3033 fuit
1996 2971 2169 3031 Plato
2214 2969 2492 3030 comicus.

310 3065 487 3127 Hanc
516 3077 723 3129 secuta
749 3078 854 3130 est·
870 3090 1026 3131 nova
1054 3073 1385 3144 Comoedia,
1423 3072 1484 3131 in
1531 3091 1651 3152 qua
1689 3070 1906 3151 primas
1932 3069 2124 3129 tenuit
2147 3064 2496 3136 Menander,

305 3164 566 3241 potiente
595 3185 786 3225 rerum
811 3167 1151 3230 Alexandro
1177 3189 1431 3251 magno:
1474 3181 1654 3252 atque
1679 3168 1811 3229 haec
1837 3166 2080 3228 chorum
2109 3164 2348 3225 omnino
2373 3179 2495 3221 non

235 3255 244 3266 ‘
304 3257 506 3334 habet,
545 3262 675 3322 -sed
722 3273 933 3324 ornatu
979 3266 1140 3326 vario
1189 3277 1251 3327 et
1297 3266 1612 3348 multiplici
1656 3281 2038 3346 personarum
2083 3258 2335 3339 insignis
2383 3265 2495 3318 est.

308 3356 506 3436 Atque
530 3357 664 3418 hoec
690 3357 1006 3421 indicanda
1028 3363 1278 3424 breviter
1293 3376 1367 3434 ‚et
1395 3364 1642 3426 strictim
1669 3361 1894 3444 putavi,
1935 3360 2012 3419 de
2051 3357 2233 3417 initiis
2262 3374 2332 3416 ac
2359 3372 2497 3434 pro-

309 3453 711 3531 gressionibus
736 3456 1059 3519 Comoediee'
1088 3461 1246 3541 apud
1275 3461 1547 3525 Graecos.
1630 3458 1809 3540 Apud
1837 3457 2075 3519 Latinos
2106 3462 2321 3525 autem,
2365 3470 2496 3512 ⁸0³·

309 3549 473 3611 nicos
516 3550 690 3612 ludos
740 3552 1039 3616 institutos
1083 3557 1265 3618 fuisse
1311 3559 1384 3621 C.
1428 3558 1523 3618 vel
1566 3565 1636 3617 ut
1672 3555 1832 3628 alibi,
1881 3554 1950 3615 T.
1981 3550 2242 3632 Sulpicio
2269 3548 2495 3609 Baetieo

272 3725 280 3730 ·
307 3646 417 3720 (vel
445 3656 517 3707 ut
542 3648 700 3721 alibi,
728 3647 955 3723 Petico,
983 3651 1121 3713 alibi
1150 3655 1386 3732 Petico)
1430 3656 1501 3716 C.
1533 3654 1758 3715 Licinio
1788 3650 2033 3712 Stolone
2062 3650 2237 3707 Coss.
2267 3644 2497 3703 notavit

309 3741 616 3805 Valerius:
658 3754 718 3805 et
742 3729 1023 3826 paulatim
1045 3748 1336 3811 ludicram
1362 3760 1548 3811 artem
1576 3750 1655 3809 ad
1682 3747 1993 3809 satirarum
2024 3741 2232 3802 modos
2259 3758 2493 3819 perrex-

308 3838 443 3913 isse»
495 3858 532 3900 a
577 3842 790 3921 quibus
836 3843 1059 3922 primus
1110 3848 1370 3909 omnium
1411 3849 1590 3928 poeta
1633 3844 1829 3903 Livius
1856 3840 1935 3901 ad
1964 3837 2291 3898 fabularum
2320 3853 2495 3913 argu-

310 3946 509 3997 menta
550 3941 941 4019 spectantium
985 3943 1191 4003 oculos
1233 3952 1295 4004 et
1336 3943 1565 4004 animos
1594 3935 1976 4001 transtulerit.
2061 3933 2268 3992 Cicero
2296 3939 2493 3990 autem

310 4032 559 4112 scripsit,
605 4033 834 4095 Livium
877 4037 1129 4117 primum
1178 4039 1438 4099 omnium
1490 4036 1779 4098 Fabulam
1827 4030 2088 4102 dedisse,
2147 4027 2318 4086 annis
2369 4025 2491 4085 fere

311 4129 449 4188 410.
478 4140 617 4208 post
643 4131 890 4192 Romam
913 4133 1249 4194 conditam:
1291 4134 1452 4195 fuere
1489 4144 1686 4196 autem
1731 4126 2008 4190 celebrati
2048 4124 2297 4205 primum
2342 4121 2495 4182 Ludi

317 4220 562 4285 Romani
606 4236 836 4306 patrum
866 4238 928 4289 et
952 4229 1234 4310 equitum,
1275 4231 1377 4311 qui
1417 4239 1480 4294 et
1530 4227 1761 4309 Magni,
1800 4222 2092 4290 ludicrum
2134 4229 2331 4282 autem
2358 4220 2493 4302 equi
