3050 4942
541 393 628 459 58
1223 407 1497 457 vicron
1549 407 1649 455 ns
1693 402 2077 458 coMOEmA.

542 552 648 611 viri
676 551 1048 630 foeminaeque
1077 550 1153 612 ad
1177 550 1532 631 explendum
1562 551 1723 611 chori
1754 570 2058 612 numerum
2098 551 2517 633 adhiberentur
2542 552 2732 632 (quod

542 649 754 710 fecisse
784 648 998 709 dicitur
1027 650 1249 729 primus
1279 650 1537 710 omnium
1578 652 1875 732 Tyrtaeus)
1920 670 2110 710 mares
2135 649 2443 709 dimidium
2483 649 2734 710 excede·-

538 749 707 808 bant.
790 747 853 805 Si
900 746 1083 826 pueri,
1129 758 1256 807 tum
1298 747 1548 806 foeminis
1597 748 1825 809 illorum
1864 746 2048 827 major
2092 747 2367 807 numerus
2396 756 2568 807 erat.
2626 747 2734 805 Sin

543 852 737 904 autem
767 844 870 903 viri
898 853 1146 916 tantum,
1164 843 1410 923 juvenes
1438 845 1667 906 scilicet
1710 866 1779 906 ac
1810 864 2003 918 seneS,
2032 843 2357 904 identidem
2385 846 2578 924 po’etee
2607 862 2736 902 ma-

532 940 695 1021 jores
723 940 1022 1014 tredecim,
1052 941 1374 1001 minoribus
1403 942 1678 1004 undecim
1708 943 2131 1014 admiscebant,
2163 950 2365 1021 utpote
2387 958 2633 1020 quorum
2659 940 2735 999 de

543 1038 780 1099 nomine
807 1038 1022 1098 chorus
1052 1038 1464 1118 appellaretur.
1531 1041 1792 1109 Quilibet
1821 1051 2014 1102 autem
2044 1060 2119 1099 ex
2143 1040 2232 1098 his
2262 1039 2477 1099 chorus
2505 1039 2561 1098 in
2588 1050 2737 1116 qua‘-

544 1145 678 1196 tuor
705 1138 798 1214 (ut
825 1134 1016 1213 aiunt)
1056 1137 1209 1213 ἓυγὰ
1238 1136 1627 1211 dividebatur,
1676 1158 1919 1219 quorum
1973 1137 2207 1217 singula
2236 1156 2340 1196 sex
2368 1135 2740 1196 continerent

547 1233 877 1293 saltatores,
988 1232 1289 1308 Comicus,
1338 1234 1604 1315 inquam,
1654 1237 1768 1296 hoc
1824 1245 2001 1316 pacto
2055 1235 2272 1295 chorus
2323 1234 2737 1314 apparabatur.

550 1329 727 1403 Nam,
757 1330 910 1389 sicut
937 1328 1252 1412 AEschylus
1282 1331 1462 1406 canit,
1494 1332 1762 1412 quinque
1790 1342 2019 1392 tantum
2038 1341 2099 1392 et
2118 1332 2321 1392 decem
2347 1332 2407 1391 in
2424 1330 2742 1411 Tragoedia

485 1421 495 1428 ’
551 1429 887 1488 constabat.
990 1427 1412 1507 Interdumque
1461 1429 1769 1492 dimidiato
1829 1449 2072 1490 numero
2126 1427 2324 1504 (sicuti
2372 1428 2587 1488 Pollux
2636 1429 2746 1504 ait)

554 1524 945 1584 semichorum
993 1525 1194 1585 induci
1242 1524 1414 1586 facile
1461 1525 1779 1586 admodum
1830 1537 1923 1586 est
1958 1524 2179 1586 videre.
2268 1525 2433 1584 Idem
2478 1533 2741 1586 attamen

554 1621 757 1682 scribit
797 1620 858 1680 in
902 1622 1098 1683 Veteri
1136 1623 1446 1702 Tragoedia
1487 1619 1733 1682 chorum
1779 1622 2090 1682 saltatores
2119 1621 2413 1681 habuisse
2449 1620 2741 1700 quinqua-

555 1718 756 1799 ginta:
798 1739 1019 1794 verum,
1066 1719 1347 1807 quoniam
1377 1720 1694 1801 AEschylus
1723 1719 1967 1781 totidem
1995 1718 2355 1778 Eumenidas
2388 1718 2743 1790 induxisset,

554 1834 691 1895 quae
727 1825 916 1877 totum
959 1836 1083 1896 pree
1131 1817 1508 1879 multitudine
1558 1819 1850 1880 theatrum
1880 1825 2382 1888 consternassent,
2430 1816 2742 1877 cohibente

553 1913 687 1993 lege
733 1913 808 1975 ad
856 1915 1162 1994 pauciores
1211 1936 1342 1976 esse
1385 1917 1722 1983 deventum.
1808 1916 2071 1976 Arbitror
2120 1917 2292 1975 etiam
2341 1914 2402 1973 in
2438 1914 2744 1974 Comoedia

554 2030 691 2070 cum
738 2010 976 2070 Donato
1007 2012 1182 2092 longe
1229 2012 1427 2092 plures
1473 2015 1549 2074 ab
1578 2015 1744 2074 initio
1772 2014 1954 2074 fuisse
1998 2024 2290 2085 cantoreS‚
2332 2010 2608 2092 quoniam
2650 2014 2745 2085 (u't

554 2107 906 2168 Aristoteles
950 2109 1008 2166 in
1060 2096 1350 2168 Naturali'
1378 2110 1636 2189 quadam
1680 2112 1859 2171 sentit
1908 2110 2276 2185 Quaestione)
2322 2109 2486 2169 multi
2512 2108 2741 2173 facilius

555 2217 787 2265 servare
816 2224 1089 2265 numeros
1117 2217 1386 2285 possunt.
1447 2209 1602 2268 Cum
1629 2209 1806 2289 igitur
1836 2220 1972 2288 post
2001 2207 2216 2266 fabulae
2244 2207 2554 2287 prologum
2584 2215 2747 2266 esset

557 2300 915 2362 orchestram
941 2303 1332 2382 ingressurus,
1363 2305 1412 2364 si
1427 2306 1661 2366 rusticis
1684 2315 2002 2378 constaret,
2030 2326 2067 2364 a
2083 2305 2289 2365 dextro
2313 2304 2491 2364 latere
2516 2304 2748 2367 solebat

559 2398 779 2458 emitti:
822 2398 910 2457 sin
943 2411 1138 2458 autem
1167 2399 1428 2473 urbanis,
1467 2421 1503 2461 a
1551 2403 1787 2462 sinistra
1816 2412 1981 2481 parte
2017 2401 2308 2482 prodibat,
2336 2399 2746 2480 quadrataque

558 2495 748 2555 forma
774 2496 1108 2556 consistens
1137 2497 1483 2558 recedentes
1534 2499 1845 2559 histriones
1888 2500 2257 2558 observabat.
2340 2496 2574 2557 Deinde
2600 2512 2748 2557 con·-

557 2592 855 2654 versusaead
881 2604 1264 2673 spectatores,
1283 2614 1819 2676 quorsumcumque
1840 2596 2057 2677 septies
2078 2594 2367 2655 theatrum
2390 2595 2747 2666 intuebatur,

558 2689 921 2769 totidemque
951 2690 1277 2752 cantilenas
1309 2692 1614 2752 moderato
1644 2706 1814 2773 gestu
1860 2693 2318 2774 pronuntiabat:
2368 2691 2532 2771 quod
2574 2704 2748 2752 omne

557 2788 877 2865 παράβασις
907 2791 980 2849 ab
1016 2789 1409 2869 Aristophane
1454 2790 1719 2869 pluribus
1771 2791 1830 2848 in
1880 2790 2027 2849 locis
2073 2801 2467 2868 nuncupatur.
2551 2788 2749 2849 Prima

536 2884 733 2965 ⁴igitur
754 2886 1050 2946 cantilena
1079 2887 1276 2946 statim
1303 2888 1377 2946 ab
1408 2887 1756 2947 histrionum
1779 2887 2051 2946 discessu
2084 2887 2317 2965 prolata·
2340 2889 2561 2962 κορωνὶς
2587 2906 2749 2947 com-

557 2981 719 3041 muni
748 2982 980 3041 nomine
1009 2982 1242 3043 dicitur.
1327 2983 1502 3056 Nam,
1531 2983 1816 3062 quicquid
1843 3001 2097 3062 persona
2131 2982 2405 3061 quapiam
2434 2981 2750 3042 recedente

556 3088 848 3149 cantatur,
878 3079 1240 3157 grammatici
1270 3078 1543 3139 Comicos
1588 3089 1950 3158 exponentes
1997 3078 2261 3156 κορωνίδα
2302 3080 2499 3138 solent
2545 3080 2752 3159 appel-

557 3175 697 3235 lare.
781 3175 1113 3253 Κομμάτιον
1141 3194 1278 3235 vero
1306 3176 1536 3256 proprie
1564 3176 1798 3248 dieitur,
1827 3188 2119 3255 quatenus
2143 3176 2220 3235 de
2242 3176 2421 3237 choro
2443 3185 2749 3256 amputata

557 3270 861 3351 recisaque
890 3271 1178 3350 particula
1209 3272 1468 3332 videtur:
1526 3271 1588 3331 id
1621 3293 1658 3332 a
1684 3272 2035 3352 quibusdam
2083 3274 2324 3332 εἷσθεσις
2350 3285 2522 3352 χοροῦ
2562 3273 2752 3332 nomi-

559 3377 754 3427 natur.
838 3367 1135 3441 Secunda,
1166 3367 1509 3446 παράβασις,
1538 3386 1657 3429 uon
1704 3389 1875 3429 secus
1927 3388 1997 3428 ac
2045 3379 2169 3428 tota
2215 3369 2449 3428 saltatio
2498 3368 2748 3429 dicitur:

561 3464 841 3545 quoniam
868 3465 1050 3538 illinc,
1095 3466 1193 3526 ubi
1239 3467 1586 3528 constiterat
1626 3466 1865 3541 choruS,
1916 3467 2201 3546 populum
2229 3485 2433 3525 versus
2483 3465 2748 3526 incedit:

563 3562 686 3623 sive
714 3566 1078 3634 ἀνάπαιστος,
1098 3583 1178 3623 ‘eo
1200 3564 1359 3643 quod
1390 3564 1724 3642 frequenter
1752 3562 2159 3644 hujuscemodi
2178 3573 2391 3623 cantus
2408 3575 2749 3641 anapaestos

560 3670 890 3740 usurparet.
974 3659 1171 3720 Tertia
1197 3669 1416 3736 πνῖγος,
1445 3670 1549 3719 aut
1576 3662 1807 3738 μακρὸν,
1836 3660 2133 3734 cantilena
2163 3659 2389 3718 scilicet
2414 3662 2507 3737 (ut
2535 3659 2750 3720 Pollux

562 3757 669 3832 ait)
700 3778 816 3817 una
842 3757 1081 3837 spiritus
1110 3759 1486 3818 contentione
1515 3758 1766 3839 prolata,
1796 3778 1931 3837 quse
1960 3756 2071 3815 tria
2100 3755 2493 3835 sejunguntur
2535 3758 2608 3816 ab
2659 3758 2750 3816 in·

559 3853 767 3923 vicem,
817 3874 953 3913 cum
996 3853 1242 3914 alterum
1291 3853 1456 3914 alteri
1505 3853 1729 3913 nullam
1778 3854 1994 3913 habeat
2039 3852 2346 3912 rationem.
2430 3852 2580 3920 Quae
2609 3874 2750 3916 vero

563 3961 911 4028 sequuntur,
961 3948 1112 4009 inter
1166 3969 1231 4011 se
1283 3948 1544 4030 quadam
1615 3959 1755 4010 sunt
1807 3952 2032 4009 ratione
2094 3950 2430 4029 conjuncta,
2479 3950 2753 4013 videlicet

565 4048 770 4126 στροφὴ
819 4045 907 4105 vel
952 4044 1093 4127 ᾠδὴ,
1140 4047 1262 4105 sive
1310 4052 1499 4126 μέλος,
1548 4047 1854 4128 ἐπίῤῥημα,
1902 4050 2261 4127 ἀντίστροφος
2304 4046 2397 4105 vel
2424 4046 2660 4128 ἀντῳδὴ,
2691 4059 2754 4110 et

534 4145 968 4222 ·ἀντεπίῤῥημα,
995 4142 1158 4222 quod
1189 4143 1322 4204 loco
1351 4143 1601 4223 septimo
1629 4146 1999 4215 cantabatur,
2026 4150 2229 4223 στροφὴ
2257 4144 2411 4202 enim
2442 4144 2565 4204 sive
2592 4149 2751 4206 ἀντί-

564 4253 794 4323 στροφος
820 4238 1093 4301 membris
1124 4250 1184 4299 et
1230 4241 1553 4302 carminum
1603 4261 1815 4322 genere
1843 4242 2115 4322 quadrat.
2201 4242 2430 4303 Rursus
2468 4243 2749 4321 ἐπίῤῥημα
