3050 4942
846 369 944 421 ns
989 359 1293 421 comens
1344 367 1968 422 ntnrssnsmmsus.
2378 353 2506 419 15¹7

311 531 487 592 quam
521 512 573 572 si
583 512 824 593 suxeris
853 523 915 574 et
936 516 1277 594 occeperis,
1304 533 1430 594 pro,
1458 512 1633 586 faxis,
1660 523 1724 575 et
1749 513 2040 593 occepsis,
2066 511 2306 580 malint3
2353 512 2508 573 sicut

309 610 371 668 in
402 609 702 689 Captivis:
733 616 749 645 ‘
775 611 1112 691 Numquam
1140 612 1296 671 istuc
1324 610 1499 681 dixis,
1530 629 1721 690 neque
1749 611 2007 670 animum
2034 609 2270 670 induxis
2297 610 2508 670 tuum!

309 705 589 786 Accipies
621 707 794 767 etiam
822 727 1007 766 unum
1032 728 1106 768 ex
1133 707 1340 768 eadem
1370 706 1608 767 fabula:
1652 712 1669 741 ‘
1686 705 1829 766 Avis
1874 726 1967 766 me
1995 706 2116 765 fere
2142 707 2507 768 consimilem

310 801 548 876 faciam,
578 813 648 862 ut
672 803 982 882 praedixti!
1062 804 1437 865 Adducerem
1466 814 1528 864 et
1555 823 1629 864 ex
1658 804 1898 863 Casinas
1924 802 2201 881 Prologo,
2233 804 2346 863 nisi
2372 824 2506 865 sus·

311 898 543 979 picarer
570 901 749 961 verba
774 920 908 961 esse
935 903 1330 982 transpositar
1374 906 1391 936 ‘
1412 901 1784 961 Clerumenoe
1829 900 1963 961 haec
1999 909 2242 960 vocatur
2270 900 2506 961 Comoe-

318 995 422 1056 dia
462 997 719 1057 Graecess
802 998 971 1059 Sicut
996 1019 1072 1059 ex
1112 999 1321 1059 eodem
1360 999 1648 1059 alterum:
1691 1003 1709 1031 ‘
1736 998 1984 1058 Ratione
2024 1006 2308 1057 utuntur:
2350 998 2509 1060 ludis

313 1093 607 1153 neminem
636 1097 932 1172 poscunt.'
1016 1096 1137 1156 Sed
1163 1096 1428 1175 profecto
1456 1105 1516 1155 et
1558 1095 1696 1155 alibi
1742 1094 1943 1155 multis
1984 1093 2152 1167 locis,
2193 1104 2253 1154 et
2283 1094 2343 1153 in
2371 1094 2508 1154 Poe-

310 1189 490 1249 nulo:
538 1196 556 1223 ‘
577 1189 781 1251 Gerroe
811 1210 1107 1269 germanae
1135 1203 1313 1271 atque
1342 1190 1575 1272 aedepol
1611 1196 1770 1269 λῆροι
1796 1189 2022 1268 λήρων)
2087 1192 2179 1251 Ac,
2204 1210 2280 1250 ne
2305 1190 2364 1249 in
2391 1191 2510 1252 illis

311 1285 554 1365 quidem
602 1288 852 1347 servavit
898 1287 1315 1349 Latinitatem}
1358 1293 1375 1323 ‘
1402 1288 1492 1347 Ne
1519 1298 1580 1347 te
1608 1288 1792 1347 iratus
1821 1284 1943 1346 suis
1967 1287 2143 1348 saevis
2171 1285 2346 1347 dictis
2374 1307 2511 1367 pro·

309 1381 477 1452 telet,
528 1381 693 1443 scio!
773 1383 1090 1443 Substituit
1130 1385 1286 1443 enim
1313 1405 1421 1465 pro
1446 1385 1619 1444 saevis
1645 1384 1845 1455 dictis,
1872 1384 2205 1445 saevidicis:
2246 1393 2310 1443 at
2337 1386 2509 1445 saevi-

312 1475 538 1549 dicum,
578 1478 795 1539 mobile
823 1483 1037 1540 nomen
1066 1489 1195 1548 est3
1239 1481 1336 1540 cui
1381 1480 1559 1559 igitur
1599 1479 1887 1541 haerebit?
1929 1499 2003 1538 an
2032 1480 2131 1540 ille
2158 1481 2382 1541 invenit
2404 1503 2509 1542 ns-

308 1592 494 1652 quam
544 1576 608 1656 in
652 1584 879 1634 naturae
922 1575 1177 1655 legibus,
1227 1575 1504 1637 accidens
1550 1576 1678 1635 sine
1730 1576 2106 1636 substantia?
2186 1578 2257 1636 In
2299 1578 2509 1639 eadem

311 1679 514 1730 antem
539 1691 722 1732 scena
748 1671 925 1731 etiam
964 1671 1492 1750 pedum-numerus
1521 1691 1656 1731 eum
1681 1672 1872 1750 fugit:
1914 1691 2167 1750 namque
2192 1674 2507 1736 iambicum

310 1767 607 1827 senarium
636 1766 1231 1847 hypercatalecticum
1260 1766 1410 1826 dixit
1437 1766 1602 1826 illum
1629 1788 1645 1827 ε
1689 1775 1704 1802 ‘
1732 1768 1868 1828 Non
1897 1787 2143 1847 possum
2170 1769 2400 1842 adesse,
2431 1772 2507 1831 ah

307 1862 457 1943 quid
484 1862 655 1942 agis?
683 1883 802 1943 quo
832 1864 981 1944 abi-s,
1011 1862 1320 1943 Antipho?
1351 1864 1568 1926 mane!
1646 1864 1847 1925 Habet
1871 1867 2028 1924 enim
2056 1864 2206 1924 duos
2235 1864 2508 1946 dactylos

308 1959 561 2020 alterum
592 1958 757 2019 alteri
790 1961 1139 2019 subeuntem
1169 1969 1307 2019 ante
1343 1971 1704 2039 postremum
1731 1960 2008 2022 iambum.
2091 1962 2282 2041 AEque
2310 1973 2508 2023 antem

306 2055 684 2116 incommode
710 2076 784 2116 ex
813 2055 1479 2116 Heautontimorumeno
1528 2057 2157 2138 brachycatalecticum
2186 2059 2512 2119 nominavit

305 2150 499 2222 illum,
539 2150 599 2209 in
647 2170 766 2230 quo
814 2151 1135 2230 periculum
1180 2151 1375 2229 potius
1417 2151 1702 2226 imminet,
1744 2173 1818 2213 ne
1843 2154 1990 2232 quid
2020 2154 2350 2215 redundet:
2394 2155 2509 2217 ‘Et

305 2246 473 2307 illam
518 2247 694 2307 simul
738 2267 873 2308 cum
919 2249 1127 2308 nuntio
1170 2248 1275 2308 tibi
1318 2249 1417 2309 hic
1460 2269 1575 2328 ego
1613 2249 1923 2311 affuturam
1950 2251 2126 2312 hodie
2155 2252 2318 2313 scio!
2400 2253 2519 2313 Est

310 2343 471 2404 enim
491 2342 819 2424 quadratus
848 2345 1157 2422 iambicuS.
1243 2346 1412 2407 Sicut
1452 2347 1618 2407 illum
1666 2368 1899 2427 quoque
1944 2349 2137 2409 minus
2167 2351 2316 2411 bene
2342 2361 2510 2414 octo-

310 2440 542 2501 narium
570 2441 1202 2522 hypercatalecticum:
1247 2449 1263 2478 ‘
1289 2444 1520 2505 Probet
1564 2444 1699 2504 huic
1727 2445 1909 2506 filium
1932 2445 2048 2506 scis
2073 2446 2246 2506 esse?
2289 2446 2511 2520 audivi,

312 2538 374 2597 in
403 2538 588 2607 Asiaz
631 2557 751 2598 non
779 2548 873 2599 est
897 2539 1108 2618 pater.'
1188 2540 1365 2612 Nam,
1407 2542 1457 2601 si
1499 2542 1755 2601 iambum
1784 2542 1847 2601 in
1875 2544 2061 2621 prima
2088 2543 2228 2603 sede
2257 2553 2508 2617 statuas,

311 2644 375 2694 et
417 2636 702 2696 creticum
746 2636 806 2695 in
856 2636 1122 2697 secunda
1165 2640 1243 2697 ob
1292 2638 1667 2717 positionem,
1709 2648 1813 2697 aut
1853 2637 2153 2719 dactylum
2195 2660 2269 2700 ex
2297 2650 2510 2700 natura

313 2731 586 2810 syllabae,
618 2729 985 2811 septenarius
1015 2745 1127 2793 est.
1193 2732 1334 2806 Sed,
1360 2732 1541 2805 audii,
1571 2732 2069 2812 pronuntiandum
2092 2745 2204 2803 est,
2233 2746 2320 2806 ut,
2344 2734 2509 2807 Asia,

311 2829 391 2890 sit
427 2839 795 2908 anapaestus.
879 2830 996 2896 Sin·
1033 2829 1205 2890 malis
1248 2830 1633 2903 trochaicum,
1682 2849 1802 2890 non
1850 2829 2101 2890 collidas
2146 2828 2507 2904 adverbium,

312 2928 514 3007 probe,
558 2937 623 2986 et
647 2926 758 2987 erit
785 2936 1127 3007 anapaestus
1155 2927 1345 3006 prima
1391 2927 1453 2986 in
1503 2927 1670 2999 sede,
1709 2926 1937 3007 eritque
1982 2927 2342 2998 octonarius,
2387 2938 2511 2988 tro.

310 3025 577 3097 chaicus,
617 3023 1022 3095 catalecticus,
1051 3033 1132 3097 et,
1159 3025 1326 3097 Asia,
1353 3024 1730 3104 bisyllabum.
1816 3024 1885 3082 In
1916 3023 2267 3084 Phormione
2294 3024 2513 3085 frustra

312 3122 546 3183 laborat
573 3120 1018 3200 transponendo
1044 3121 1247 3193 verba,
1287 3137 1355 3181 ut
1381 3120 1639 3181 numeris
1680 3120 1977 3193 consulat,
2016 3139 2089 3180 eo
2131 3140 2340 3181 versu:
2386 3130 2402 3156 ⁴
2428 3123 2510 3181 Ut

314 3218 388 3278 ad
418 3236 617 3297 pauca
647 3215 903 3290 redeam,
934 3235 1005 3276 ac
1032 3217 1262 3277 mittam
1288 3217 1449 3277 illius
1478 3215 1771 3295 ineptias!
1854 3213 2090 3275 Mavult
2115 3216 2195 3275 ita
2221 3217 2373 3297 legi:
2403 3217 2514 3280 Ad

304 3333 500 3393 pauca
528 3321 601 3373 ut
626 3313 873 3374 redeam.
956 3313 1039 3372 At
1065 3331 1202 3372 vero
1230 3314 1508 3397 verbum,
1538 3312 1795 3384 redeam,
1839 3312 2190 3391 bisyllabum
2220 3331 2373 3386 esse,
2414 3314 2510 3373 vel

314 3411 612 3476 sexcentis
641 3409 807 3481 locis,
834 3408 935 3468 ubi
963 3428 1113 3488 opus
1143 3420 1255 3481 est,
1285 3418 1544 3469 constat.
1601 3408 1821 3469 Eximit
1847 3409 2022 3468 etiam
2043 3407 2304 3468 vocalem
2334 3408 2509 3489 hujus

313 3505 774 3586 praepositionis,
817 3524 946 3583 per,
991 3523 1062 3564 eo
1102 3525 1277 3565 versu
1304 3504 1709 3584 Adelphorum
1736 3524 1752 3565 t
1796 3511 1813 3538 ‘
1837 3503 1954 3563 Per
1979 3506 2417 3585 oppressionem
2446 3516 2512 3564 ut

312 3602 466 3663 hanc
497 3601 642 3662 mihi
670 3601 891 3682 eripere
916 3600 1216 3680 postulet?
1279 3603 1361 3661 At
1382 3621 1543 3674 vern,
1571 3600 1716 3680 quid
1745 3601 1922 3661 fuerit
1949 3599 2160 3670 dicere,
2191 3600 2511 3679 Proppres-

315 3698 584 3759 sionem?
626 3717 839 3777 nempe
877 3697 1156 3777 frigidum
1185 3697 1504 3758 admodum
1532 3707 1646 3766 est,
1688 3716 1764 3755 ne
1794 3697 1987 3756 dicam
2017 3694 2357 3768 absurdum,
2401 3716 2508 3755 no-

315 3816 452 3857 vum
479 3796 641 3874 fugoe
670 3815 879 3874 genus,
923 3814 1043 3875 quo
1070 3796 1248 3855 evitet
1274 3794 1556 3855 creticum
1601 3791 1840 3852 fatalem
1881 3790 2083 3852 ill'um:
2127 3809 2262 3850 cum
2309 3798 2509 3852 tamen

318 3891 467 3953 adeo
494 3893 745 3952 molliter
780 3892 1142 3971 pronuntiari
1170 3892 1378 3971 possit,
1419 3900 1486 3951 ut
1511 3889 1610 3949 vix
1639 3888 1891 3948 divertat
1917 3906 1954 3947 a
1980 3897 2191 3946 natura
2218 3886 2511 3966 spondaei.

219 4049 230 4060 ,
324 3988 440 4047 Sed
459 3989 584 4069 jam
610 3998 815 4050 vereor
834 4007 910 4048 ne
938 3987 1070 4068 quis
1099 4007 1322 4061 eorum,
1351 4007 1504 4068 quos
1533 3986 1630 4047 ille
1659 3984 1860 4045 multis
1887 3983 2033 4044 locis
2062 3983 2270 4062 premit
2293 3983 2508 4044 fabulis

328 4093 498 4164 atque
538 4085 759 4158 irridet,
801 4096 1047 4165 reponat
1095 4084 1150 4143 ei
1199 4086 1486 4163 gratiam:
1528 4103 1665 4144 cum
1709 4082 1767 4141 in
1798 4082 1995 4153 verb0,
2036 4081 2291 4159 postulo,
2320 4079 2513 4140 sciant

334 4181 402 4240 ab
426 4181 878 4261 ipso-exemtam·
902 4180 1155 4243 mediam
1185 4181 1466 4243 vocalem.
1552 4181 1777 4261 Magno
1805 4178 1964 4240 enim
2003 4177 2065 4237 in
2111 4177 2370 4260 periculo
2396 4189 2531 4261 est,
