3050 4942
1135 413 1237 460 ns
1286 410 1666 463 rnssA'rRo.
2407 403 2497 471 69

299 572 414 612 non
443 562 514 611 ut
539 573 681 641 vera
718 575 940 636 pugna,
985 558 1042 617 in
1089 559 1212 619 sole
1242 569 1303 618 et
1329 560 1591 640 pulvere.
1678 559 2035 640 Hujusmodi
2075 563 2491 627 lanistoe'sunt

297 649 453 729 apud
480 671 613 721 nOS,
659 652 761 730 qui
806 653 1109 732 gladiandi
1153 668 1336 718 artem
1378 658 1646 738 privatim
1678 660 2083 737 ‘profitentur3
2126 662 2228 740 qui
2273 662 2492 724 docent

293 764 496 823 omnes
527 769 801 809 numeros
831 750 1168 830 impetendi,
1202 753 1591 835 cedendique,
1621 754 1863 815 vulnera
1891 756 2199 831 inferendi,
2228 759 2483 820 vitandi-

295 860 429 921 que,
466 855 573 904 aut
600 847 703 905 ubi
745 849 1008 926 punctim
1039 850 1313 910 caesimve
1340 851 1685 912 feriendum.
1774 852 1919 912 Ludi
1947 874 2086 915 vero
2112 854 2364 930 Scenici,
2393 859 2494 936 qui

294 954 353 1000 et
394 942 644 1020 Agones
692 945 909 1006 Musici
953 958 1014 1007 et
1063 947 1408 1028 Dionysiaci
1452 949 1824 1023 dicebantur,
1871 951 2040 1031 quasi
2089 953 2294 1014 Libero
2342 956 2495 1035 patri

294 1036 495 1110 dicati,
524 1040 602 1098 ad
628 1041 1086 1117 Comoediarum,
1107 1042 1571 1125 Tragoediarum,
1611 1059 1711 1108 aut
1743 1048 2064 1108 Satirarum
2093 1049 2493 1112 recitationem

292 1136 703 1215 pertinebant:
747 1141 987 1201 itemrad
1018 1152 1228 1202 cantus
1258 1154 1320 1203 et
1360 1144 1669 1223 poemata:
1718 1163 1898 1205 scena
1941 1147 2017 1206 ob
2062 1146 2124 1206 id
2172 1148 2230 1205 in
2260 1147 2490 1209 theatro

292 1234 630 1321 composita
675 1247 852 1318 atque
901 1250 1203 1300 exstructa
1249 1260 1320 1301 ea
1365 1241 1611 1314 ratione,
1661 1261 1839 1321 quam
1889 1263 2025 1303 mox
2068 1244 2490 1306 describemus.

295 1332 410 1401 Qui
440 1353 507 1394 se
540 1334 601 1392 in
629 1334 721 1393 his
753 1335 931 1396 Ludis
961 1338 1333 1409 exercebant,
1376 1337 1597 1398 scenici
1627 1340 1803 1400 etiam
1833 1339 2198 1414 dicebantur,
2240 1350 2302 1402 et
2345 1342 2491 1403 Dio-

289 1431 521 1505 nysiaci
570 1433 843 1493 artifices.
929 1432 1227 1493 Ludorum
1265 1449 1369 1494 aut
1408 1434 1811 1495 certaminum
1855 1436 1985 1496 Diis
2013 1449 2488 1500 consecratorum

289 1537 547 1606 quatuor
573 1538 745 1588 erant
771 1530 931 1610 apud
963 1528 1208 1590 Graecos
1239 1550 1480 1610 genera.
1550 1531 1736 1591 Erant
1765 1532 1919 1591 enim
1952 1534 2195 1607 Nemea,
2226 1533 2489 1608 Isthmia,

287 1623 531 1705 Pythia,
576 1640 638 1688 et
680 1627 994 1708 Olympia:
1037 1649 1174 1707 quae
1204 1628 1464 1689 omnium
1490 1640 1659 1689 erant
1685 1630 1942 1689 maxima
1970 1631 2333 1710 spectacula.
2418 1632 2487 1691 In

285 1721 374 1782 his
405 1721 594 1784 Ludis
625 1727 1104 1805 proponebantur
1130 1725 1451 1787 victoribus
1491 1745 1711 1806 magna
1756 1727 2017 1805 praemia,
2062 1748 2196 1806 quae
2224 1728 2325 1806 qui
2354 1748 2490 1789 cus-

284 1818 620 1894 todiebant,
663 1822 960 1902 Ludisque
988 1832 1300 1902 praeerant,
1327 1821 1647 1900 βραβευταὶ
1675 1823 1927 1896 Graecis,
1956 1824 2177 1883 Latinis
2206 1824 2485 1906 designa-

283 1926 445 1978 tores
479 1918 954 1997 appellabantur,
995 1916 1245 1999 quorum
1277 1919 1536 1979 officium
1564 1929 1711 1990 erat,
1753 1919 2187 1980 multitudinem
2216 1922 2486 1994 retinere,

285 2014 693 2086 obambulare,
735 2030 797 2076 et
844 2026 1208 2097 spectatores
1253 2015 1545 2077 moderari
1587 2017 1881 2096 virgarum
1932 2017 2225 2078 terricu10.
2313 2018 2487 2079 Unde

284 2112 707 2190 mastigonomi
751 2122 813 2172 et
859 2114 1186 2174 rhabduchi
1215 2115 1393 2174 etiam
1421 2114 1584 2186 dicti,
1626 2113 1786 2192 quod
1815 2113 2011 2194 virgas
2053 2124 2375 2195 gestarent,
2420 2125 2490 2175 ut

285 2209 343 2268 iu
370 2208 572 2269 officio
596 2195 970 2272 continerent
996 2222 1380 2293 spectatores.
1462 2210 1713 2271 Musicis
1743 2230 1977 2291 quoque
2008 2213 2298 2292 agonibus
2321 2222 2487 2273 erant

287 2305 471 2376 eritne,
517 2304 580 2365 id
619 2316 732 2379 est,
770 2307 1031 2386 judices,
1065 2329 1102 2368 a
1129 2310 1343 2389 quibus
1371 2307 1575 2380 critici,
1617 2307 1679 2367 id
1723 2318 1834 2380 est,
1877 2310 2216 2387 poematum
2252 2307 2486 2389 judices

287 2404 428 2464 dicti
461 2419 626 2469 sunt.
717 2406 1034 2479 Ludorum,
1081 2406 1180 2486 qui
1226 2407 1354 2465 Diis
1397 2405 1921 2478 consecrabantur,
1969 2405 2131 2485 apud
2181 2405 2485 2469 Romanos

287 2511 541 2580 quatuor
570 2515 740 2564 erant
769 2504 1017 2584 specieS.
1102 2504 1222 2562 Eos
1253 2498 1454 2562 Ludos
1483 2501 1691 2562 aediles
1719 2501 1951 2565 curules
1979 2522 2220 2562 munere
2246 2503 2483 2583 publico

286 2601 608 2676 quotannis
657 2604 965 2662 curabant.
1049 2600 1451 2680 Megalenses,
1490 2600 1613 2660 sive
1664 2599 1875 2678 Magni
1924 2597 2074 2658 Ludi
2117 2598 2279 2672 dicti,
2320 2598 2483 2679 quod

282 2696 515 2777 magnis
547 2697 681 2757 Diis
710 2697 1038 2758 consecrati
1084 2708 1328 2758 essent:
1373 2698 1588 2775 quibus
1642 2695 2126 2773 Ludisquatuor
2168 2707 2318 2756 actae
2347 2708 2488 2758 sunt

279 2795 538 2855 Terentii
597 2778 965 2855 Comoediae}
1035 2794 1281 2867 Andria,
1340 2793 1688 2864 Eunuchus,
1756 2792 2480 2867 Heautontimorumenos,

284 2891 544 2972 Hecyra.
632 2893 954 2964 FunebreS,
992 2903 1096 2953 aut
1125 2891 1446 2953 Funerales
1480 2889 1652 2961 Ludi,
1673 2974 1678 2979 ε
1698 2889 1775 2950 ad
1804 2887 2172 2950 retinendum
2197 2891 2483 2971 populum

281 2989 538 3049 instituti
587 3000 748 3061 sunt,
791 2988 932 3049 dum
982 2989 1495 3070 pompagfuneris,
1538 2987 1780 3046 decreta
1824 2985 2209 3067 inhonorem
2256 2988 2481 3066 patricii

284 3086 404 3158 viri,
445 3085 627 3166 plene
650 3105 727 3149 ,ac
756 3087 984 3166 publice
1012 3087 1425 3147 instruebatur.
1514 3084 1626 3143 His
1674 3082 1855 3142 Ludis
1892 3093 2027 3143 acta
2052 3095 2144 3143 est
2175 3083 2483 3147 Comoedia

284 3183 543 3244 Terentii
572 3182 851 3263 Adelphi.
935 3182 1180 3254 Plebeii‚
1210 3182 1332 3241 sive
1381 3179 1634 3241 Romani
1686 3178 1857 3252 Ludi,
1904 3199 2013 3258 pro
2062 3179 2253 3241 salute
2295 3181 2481 3261 plebis

282 3280 652 3345 edebantur:
712 3281 926 3359 quibus
975 3279 1155 3338 Ludis
1203 3290 1338 3339 acta
1380 3288 1477 3339 est
1515 3277 1811 3337 Phormio.
1896 3276 2267 3355 Apollinares
2311 3279 2481 3356 Ludi,

282 3376 544 3460 Apollini
574 3378 924 3450 consecrati,
957 3388 1062 3438 aut
1087 3378 1147 3436 in
1178 3376 1459 3437 honorem
1488 3373 1779 3455 Apollinis
1809 3373 2079 3435 instituti.

439 3557 557 3617 DE
598 3556 1004 3616 THEATRIS
1049 3557 1149 3616 ET
1186 3550 2315 3630 AMPHITHEATRISANTIQUIS.

358 3685 499 3753 Quo
530 3683 741 3744 melius
785 3693 861 3745 et·
886 3685 1251 3747 commodius
1298 3694 1704 3766 spectarentur
1749 3682 2091 3753 Comoediae,
2121 3677 2473 3758 Tragoediae,

279 3791 380 3845 aut
407 3780 583 3853 Ludi,
614 3781 739 3841 sive
766 3783 805 3840 ii
831 3780 1203 3856 Gladiatorii,
1224 3783 1346 3844 sive
1374 3783 1552 3843 etiam
1581 3781 1833 3854 Scenici,
1856 3779 1949 3840 vel
1971 3778 2214 3861 alterius
2242 3774 2473 3857 generis

279 3889 499 3949 essent,
529 3879 802 3938 instituta
829 3891 970 3939 sunt
997 3881 1072 3938 ab
1101 3880 1378 3959 antiqui3‚
1408 3899 1542 3958 quae
1564 3879 1821 3938 Theatra
1841 3876 2222 3946 vocabantur,
2247 3892 2285 3932 a
2309 3892 2473 3934 com·
2551 3890 2562 3895 ’

280 3977 453 4036 mode
481 3975 739 4038 videndo
769 3996 840 4038 ac
879 3977 1290 4057 prospiciendo
1323 3979 1405 4037 sic
1436 3977 1755 4056 appellata.
1840 3972 1993 4033 Nam
2026 3982 2163 4032 ante
2188 3971 2475 4031 Theatro-

280 4093 402 4133 rum
431 4092 632 4147 usum,
661 4093 860 4135 scenae
889 4092 1065 4154 super
1092 4074 1370 4156 plaustris
1400 4073 1722 4134 ductilibus
1752 4069 2222 4140 exstruebantur,
2267 4087 2338 4127 ac
2366 4087 2473 4147 per

282 4171 538 4249 compita
566 4170 788 4243 duem,
816 4170 1039 4251 populo
1063 4169 1408 4251 praebebant
1435 4168 1911 4231 oblectationem.
1992 4163 2251 4229 Theatra
2275 4172 2488 4229 autem,

284 4280 446 4329 etant
474 4267 749 4344 aedificia,
791 4267 885 4329 vel
913 4278 1230 4350 apparatus
1259 4269 1317 4329 in
1347 4267 1551 4350 populi
1578 4265 1825 4348 gratiam
1855 4261 2143 4334 instructi,
2178 4258 2259 4320 ad
2289 4258 2472 4321 hemi,
