3050 4942
482 358 611 423 150
1072 367 1347 419 sumus
1393 364 1653 417 ossan
1700 364 2071 436 sesmaria

484 518 709 579 ratione
732 534 841 599 par
866 524 1025 577 esset
1052 513 1268 588 iambo,
1295 530 1419 574 non
1446 512 1646 593 potuit
1669 531 1742 575 eo
1769 532 1905 574 esse
1931 512 2178 574 celerior
2203 512 2317 573 nisi
2344 531 2489 576 sane
2518 523 2668 577 tem·

481 634 690 697 porum
743 624 1125 695 temporaque
1177 610 1568 673 deferentium
1613 611 1972 693 syllabarum
2002 610 2140 685 situ,
2182 629 2304 691 qua
2329 631 2453 672 una
2475 632 2539 672 re
2585 612 2672 672 illi

484 714 653 773 fieret
678 710 1000 771 dissimilis.
1080 709 1288 771 Trahit
1335 712 1488 772 enim
1530 710 1829 771 trochaeus
1859 708 2089 789 syllaba
2115 709 2307 789 priore
2333 728 2540 769 vocem
2565 709 2671 781 ita,

483 821 550 869 ut
596 811 656 870 in
698 808 1020 888 posteriore
1057 807 1421 883 emollescat,
1473 828 1545 869 ac
1572 809 1743 889 quasi
1767 816 2102 868 evanescat.
2188 807 2424 866 Iambus
2466 825 2500 866 e
2527 825 2671 867 con·

484 907 683 979 trario,
711 906 1067 967 celeritatem
1094 907 1421 987 professus,
1450 907 1799 986 gravitatem
1841 913 2105 985 praestat.
2191 905 2399 983 Itaque
2427 900 2673 983 sangui·

483 1004 684 1063 narius
711 1023 840 1084 pes,
860 1014 921 1064 et
946 1017 1210 1083 promtus
1233 1004 1311 1064 ad
1339 1003 1788 1078 vulnerandum,
1811 1002 2042 1063 indicat
2068 1012 2130 1062 et
2156 1002 2435 1081 impetum
2463 1001 2672 1081 primo,

482 1110 542 1161 et
570 1100 874 1160 statariam
924 1117 1188 1180 pugnam
1237 1120 1398 1161 mox.
1509 1100 1582 1161 Id
1631 1098 1794 1180 quod
1851 1100 2168 1179 Hipponax
2221 1117 2357 1159 eum
2389 1097 2670 1158 acerrimo

480 1197 722 1277 ingenio
748 1197 835 1256 vir
862 1196 1366 1269 animadverteret,
1390 1215 1568 1277 quam
1597 1198 1882 1257 rationem
1910 1196 2168 1275 impetus
2207 1196 2267 1254 in
2296 1194 2447 1275 pede
2475 1213 2662 1274 agno-

481 1293 686 1365 visset,
712 1312 845 1352 eam
872 1294 931 1351 in
955 1293 1310 1372 peculiarem
1336 1292 1474 1373 pedi
1498 1312 1735 1354 versum
1761 1293 2065 1353 transtulit
2090 1312 2106 1352 :
2149 1303 2237 1365 ut,
2268 1293 2418 1353 sicut
2441 1293 2670 1351 iambus

483 1389 546 1455 in
576 1389 805 1469 syllaba
829 1390 1013 1469 longa
1034 1391 1305 1470 pertinax
1332 1401 1645 1472 pugnaret,
1674 1392 1760 1452 sic
1789 1391 2073 1451 iambicus
2102 1409 2305 1450 versus
2334 1390 2394 1449 in
2425 1389 2669 1469 longum

484 1484 699 1565 pedem
727 1487 1110 1546 incumberet.
1153 1487 1454 1547 Leviorem
1483 1489 1639 1548 enim
1668 1498 1831 1548 ratus
1847 1488 2130 1561 iambum,
2156 1506 2332 1567 quam
2362 1498 2429 1547 ut
2456 1486 2534 1546 ad
2563 1488 2673 1546 im-

483 1583 851 1663 pressionem
903 1583 1236 1644 faciendam
1291 1585 1438 1644 satis
1479 1594 1661 1659 esset,
1714 1584 1774 1644 in
1831 1584 2097 1664 quintam
2152 1584 2397 1664 praelato
2451 1582 2674 1655 sedem,

486 1680 806 1740 succedere
832 1681 887 1740 ei
916 1680 1264 1760 spondaeum
1292 1681 1451 1741 fecit.
1536 1682 1735 1751 Quare
1775 1681 1838 1739 id
1863 1700 2101 1760 quoque
2119 1680 2344 1759 judicio
2371 1680 2678 1739 consecuti

486 1794 690 1837 sumus
719 1796 852 1850 nos,
878 1779 1114 1859 propius
1144 1778 1221 1838 ad
1250 1790 1520 1840 naturam
1564 1779 1817 1860 partium
1864 1797 2243 1838 accessurum
2276 1777 2459 1837 fuisse
2486 1785 2675 1836 totum

484 1893 738 1947 versum,
768 1877 818 1935 si
860 1876 1089 1935 iambus
1117 1875 1459 1956 imparibus,
1507 1875 1807 1935 trochaeus
1837 1875 2075 1955 paribus
2103 1873 2346 1934 sedibus
2372 1872 2677 1934 constituti

407 1977 420 1985 ”
482 1972 754 2032 fuissent.
839 1973 1026 2052 Cujus
1067 1972 1151 2033 rei
1198 1973 1555 2053 exemplum,
1584 1972 1863 2052 quoniam
1913 1991 2008 2031 res
2035 1983 2129 2032 est
2155 1972 2347 2031 minus
2373 1960 2616 2039 usitata,
2641 1988 2676 2027 e

486 2068 702 2128 nostris
732 2068 1041 2147 poematiis
1088 2068 1466 2149 subjiciemus
1511 2089 1693 2128 unum
1731 2089 1805 2129 ex
1852 2068 2152 2129 iambicis:
2196 2075 2213 2102 ‘
2238 2066 2418 2128 Malis
2441 2067 2680 2126 fortuna

486 2165 876 2243 Cornucopiae
904 2164 1177 2224 funditz’
1238 2168 1484 2226 alterum
1535 2185 1608 2224 ex
1652 2166 2006 2226 trochaicis:
2075 2172 2093 2200 ‘
2119 2166 2181 2225 Si
2227 2165 2460 2246 plaudit
2503 2163 2675 2223 malis

482 2262 740 2334 fortuna,
769 2261 913 2342 quid
953 2262 1133 2342 justis
1160 2262 1302 2323 fit‘3’
1370 2263 1487 2332 Qui
1532 2264 1719 2323 flexus
1768 2282 2143 2323 numerorum
2178 2262 2226 2322 si
2257 2262 2355 2322 cui
2382 2259 2675 2321 absurdus

483 2358 734 2430 videtur,
802 2359 853 2417 is
909 2360 1236 2420 meminerit
1286 2359 1515 2419 aurium
1571 2359 2061 2420 consuetudinem
2114 2359 2432 2420 violentam
2500 2373 2673 2417 esse:

485 2474 757 2534 novaque
806 2467 984 2535 atque
1034 2456 1315 2516 inusitata
1358 2474 1477 2515 non
1528 2467 1649 2516 tam
1703 2476 1934 2535 semper
1968 2455 2265 2529 admirari,
2309 2474 2488 2535 qnam
2514 2473 2674 2534 saepe

484 2571 780 2632 respuere.
836 2553 1053 2614 Verum
1080 2569 1438 2635 magnopere
1462 2564 1677 2614 nostra
1699 2556 1965 2625 interest,
1996 2554 2098 2632 qui
2124 2553 2324 2632 quoad
2348 2553 2489 2614 licet
2507 2553 2674 2613 Aris-

481 2649 682 2711 totelis
748 2650 1020 2731 exemplo
1091 2670 1285 2712 rerum
1354 2669 1575 2711 causas
1634 2650 2019 2730 vestigamus,
2096 2650 2295 2710 ven-ari
2363 2650 2676 2724 rationem,

484 2756 725 2826 propter
760 2766 961 2826 quam,
1010 2767 1145 2807 cum
1195 2748 1393 2809 iambo
1439 2747 1644 2808 sedem
1693 2748 2069 2828 assignarent
2114 2747 2311 2827 prisci,
2361 2747 2677 2812 maluerint

483 2864 656 2923 pares
684 2845 954 2904 retinere.
1039 2845 1217 2918 Nam,
1263 2846 1314 2905 si
1358 2847 1418 2905 in
1469 2845 1765 2926 dactylico
1812 2845 2047 2905 senario
2090 2861 2211 2904 una
2252 2854 2483 2905 tantum
2532 2846 2677 2905 satis

485 2941 616 3012 fuit,
645 2941 854 3019 quinta
894 2942 1121 3003 scilicet
1146 2960 1162 3002 :
1203 2943 1328 3003 sive
1358 2943 1457 3003 ille
1494 2944 1608 3002 suit
1638 2942 2021 3022 spondaicus,
2049 2962 2170 3001 una
2196 2942 2336 3001 item
2365 2943 2478 3001 fuit
2507 2942 2679 3013 satis,

483 3037 702 3117 quippe
731 3048 939 3097 sexta:
981 3057 1165 3116 quare
1211 3039 1473 3100 trochaeo
1523 3040 1797 3119 impares,
1837 3039 1983 3100 alias
2029 3039 2225 3099 iambo
2271 3038 2675 3099 constituere?

481 3150 620 3191 nam
651 3131 764 3192 hoe
793 3150 936 3191 sane
971 3143 1183 3212 praeter
1209 3144 1481 3195 naturam
1524 3135 1746 3197 factum
1775 3137 2035 3197 videtur.
2121 3135 2353 3196 Etenim
2380 3155 2482 3215 per
2508 3135 2676 3195 initia

484 3228 534 3287 si
564 3226 706 3287 solis
733 3238 837 3288 aut
879 3228 1086 3289 iambis
1116 3239 1217 3289 aut
1264 3233 1541 3293 trochaeis
1569 3253 1773 3295 versus
1824 3236 2204 3308 constabant,
2247 3233 2478 3293 videtur
2529 3249 2675 3291 sane

480 3324 729 3403 primam
772 3343 1068 3404 quamque
1112 3325 1313 3386 sedem
1352 3328 1486 3389 illos
1538 3330 1792 3409 arripere
1837 3330 2136 3391 debuisse.
2220 3330 2452 3398 Quibus
2478 3329 2674 3390 verbis

482 3431 552 3479 ut
575 3421 985 3499 respondeam,
1015 3441 1159 3483 sane
1185 3424 1437 3502 primum
1467 3425 1556 3485 sic
1585 3445 1780 3505 agam.
1851 3426 1987 3486 Non
2018 3447 2151 3487 esse
2181 3445 2374 3487 rerum
2402 3436 2675 3485 naturam

485 3527 722 3578 secutos
748 3519 1185 3596 veterespo‘etas
1224 3538 1240 3578 :
1277 3511 1481 3580 'multa
1505 3521 1624 3580 illis
1653 3542 1759 3600 pro
1788 3522 2026 3582 libidine
2068 3524 2226 3583 facta
2252 3523 2458 3597 fuisse,
2489 3522 2677 3583 multa

481 3612 717 3674 fortuito
762 3611 1075 3686 excidisse,
1125 3635 1261 3693 quae
1296 3626 1507 3694 postea
1562 3635 1670 3697 pro
1711 3618 1941 3698 legibus
1982 3621 2389 3697 probarentur.
2473 3618 2673 3679 Unum

481 3709 630 3772 illud
682 3710 827 3770 satis
868 3720 1125 3782 constat,
1177 3729 1318 3770 cum
1366 3712 1628 3773 troehaeo
1658 3713 1860 3774 sedem
1898 3714 2144 3793 primam
2171 3715 2512 3787 retinerent,
2553 3735 2673 3775 non

474 3807 816 3868 inconsulto
844 3805 1134 3866 diversam
1164 3808 1239 3867 ab
1267 3827 1358 3879 ea,
1406 3819 1468 3869 et
1496 3809 1628 3869 aliis
1656 3810 1974 3889 imparibus
2013 3810 2267 3871 adverso
2289 3811 2430 3890 pedi
2476 3812 2674 3871 iambo

477 3903 837 3981 assignasse.
922 3905 1119 3973 Quare
1147 3914 1351 3965 autem
1391 3906 1549 3965 hanc
1598 3906 1758 3979 huic,
1783 3906 1945 3966 illam
1988 3906 2070 3967 illi
2118 3907 2498 3980 reddiderint,
2528 3927 2672 3967 sane

479 3998 642 4059 baud
670 3999 844 4059 facile
871 4009 963 4059 est
988 4001 1314 4063 intellectu.
1387 4004 1580 4082 Atque
1598 4002 1695 4063 hlc
1715 4003 1952 4082 quidem
1979 4006 2063 4064 ita
2083 4004 2266 4064 sentit
2292 4004 2670 4065 Priscianus:

486 4094 801 4166 Quoniam,
829 4094 1038 4175 lnquit,
1066 4099 1127 4156 in
1156 4097 1421 4158 secundo
1447 4098 1602 4177 pede
1619 4118 1753 4159 eum
1782 4099 2143 4159 dimetiendo
2159 4100 2427 4159 feriretur
2444 4120 2670 4171 versus,

455 4192 668 4278 „minor
698 4193 751 4251 ei
777 4193 908 4251 loco
935 4211 1100 4252 mora
1124 4192 1325 4254 debita
1351 4204 1460 4254 est.
1530 4195 1685 4255 Nam
1710 4194 1849 4254 mihi
1877 4180 2086 4256 eontra
2104 4196 2357 4270 videtur,
2385 4197 2667 4278 majorem

479 4306 703 4349 moram
730 4287 927 4349 deberi
956 4289 1014 4347 in
1045 4291 1499 4367 pronuntiandO,
1526 4293 1625 4352 ubi
1653 4304 1915 4371 tempore
1952 4293 2081 4374 ipso
2109 4295 2503 4355 immoramur.
2589 4295 2666 4355 Et
