3050 4942
874 425 972 472 nn
1019 421 1298 472 narnis
1344 420 1891 472 rnnnsrrtnts.
2341 406 2476 474 249

310 568 486 641 hodie,
514 567 716 647 lingua
732 564 1085 647 jamdudum
1114 563 1400 639 emortua,
1441 565 1614 627 facile
1648 546 2026 628 conceditur:
2080 564 2193 626 nisi
2236 566 2473 646 culpam

310 655 426 746 quis
453 663 824 725 defendendo
852 664 1056 724 fecerit
1080 662 1380 743 majorem.

381 765 665 834 Ceterum,
702 762 820 833 abi,
867 761 1049 836 domi,
1096 761 1242 833 redi,
1285 760 1434 831 dari,
1474 779 1637 840 roga,
1681 759 1848 839 jube,
1897 768 2049 833 tace,
2094 761 2248 834 vide,
2292 772 2353 821 et
2395 762 2477 820 si-

305 879 412 938 qua
435 860 492 918 id
520 878 708 938 genus
747 859 865 919 alia
911 880 1047 939 quoe
1091 858 1358 918 ultimam
1400 858 1638 917 brevem
1682 855 1924 929 habent,
1960 857 2056 916 vix
2082 867 2174 916 est
2200 868 2265 917 ut
2293 857 2478 917 licen-

304 969 379 1016 ter
404 956 583 1030 dicas,
627 956 737 1016 sed
777 955 1039 1036 legitime
1088 955 1339 1038 corripi3
1384 974 1519 1016 cum
1548 964 1775 1015 veteres
1805 954 1956 1035 epici
1983 954 2138 1014 idem
2158 954 2260 1035 jus
2301 974 2476 1015 usur-

303 1053 567 1132 paverint.
1669 1061 1674 1066 ’

372 1148 639 1210 Similiter
666 1150 743 1210 de
771 1150 923 1211 crasi
944 1169 1228 1220 censeas3
1259 1168 1380 1229 qua
1409 1148 1544 1209 duee
1571 1149 1830 1223 vocaleS,
1858 1166 2104 1229 quarum
2120 1167 2240 1209 una
2258 1149 2474 1223 brevis,

299 1245 350 1304 in
396 1265 568 1305 unam
612 1246 1038 1308 contrahuntur
1062 1266 1078 1306 ε
1121 1256 1209 1320 ut,
1259 1245 1383 1320 diu,
1433 1246 1651 1319 Deum,
1699 1246 1981 1317 Deorum,
2029 1265 2244 1316 meum,
2283 1255 2475 1317 tuum,

300 1361 473 1416 suum,
509 1362 792 1418 meorum,
834 1348 947 1404 ὅτε.
995 1343 1124 1417 fuit,
1170 1344 1391 1404 fuisse:
1433 1343 1588 1417 hoec,
1632 1351 1693 1403 et
1734 1343 1908 1422 siqua
1949 1341 2306 1422 hujusmodi,
2338 1342 2475 1423 jure

299 1440 510 1516 quoties
537 1441 761 1502 vellent
809 1440 1239 1501 contrahebant
1281 1439 1532 1508 comici3
1585 1439 1728 1519 quia
1765 1439 1921 1498 idem
1969 1438 2149 1518 epicis
2183 1438 2285 1517 jus
2326 1449 2477 1500 erat.

301 1534 503 1595 Durius
533 1537 779 1617 quidem
806 1538 1167 1597 nostratibus
1198 1546 1435 1609 sonant,
1459 1535 1659 1616 hujus,
1688 1534 1878 1616 cujus,
1926 1534 2074 1614 ejus,
2116 1554 2292 1607 novo,
2340 1535 2478 1609 levi,

300 1627 353 1686 in
380 1651 548 1692 unam
578 1634 866 1714 syllabam
889 1643 1230 1694 contracta:
1278 1653 1474 1694 verum
1518 1632 1581 1692 id
1625 1650 1697 1692 eo
1737 1632 1951 1703 evenit,
1974 1631 2135 1710 quod
2164 1651 2274 1691 nos
2302 1631 2481 1692 hodie

298 1726 436 1787 male
461 1731 927 1808 pronuntiemus.
1011 1732 1234 1790 Notum
1261 1730 1418 1789 enim
1447 1741 1541 1789 est
1567 1729 1832 1802 eruditis,
1875 1739 2272 1789 consonantes
2300 1728 2319 1785 l
2348 1738 2409 1787 et
2436 1747 2477 1786 u

297 1823 441 1901 apud
470 1824 714 1887 Latinos
744 1827 954 1887 eodem
1000 1826 1191 1888 fuisse
1238 1844 1389 1887 sono
1430 1838 1492 1886 et
1518 1835 1835 1906 potestate,
1873 1844 1993 1904 quo
2039 1824 2217 1883 hodie
2247 1845 2285 1905 y
2311 1835 2374 1884 et
2399 1844 2473 1883 w.

297 1917 635 1984 Pronunties
664 1923 862 2003 igitur,
890 1942 1098 2004 cuyus,
1142 1942 1334 1997 nowo,
1377 1923 1532 1996 lewi,
1578 1934 1640 1985 et
1679 1923 1910 1984 mollior
1950 1922 2052 1982 fiet
2096 1921 2300 1981 orasis.
2385 1921 2480 1992 Ita

298 2014 515 2091 Noster,
543 2030 684 2092 twa,
713 2038 855 2090 swa,
884 2019 1345 2101 grandyuscula,
1391 2018 1792 2101 stellyonino3
1842 2018 2018 2099 plane
2066 2016 2477 2097 ut‘Virgilius,

296 2112 512 2194 stellyo,
543 2117 777 2197 abyete,
805 2120 919 2179 διο.
1004 2117 1228 2178 Eadem
1256 2117 1500 2191 ratione,
1546 2138 1704 2190 cum,
1734 2115 1883 2197 jam,
1928 2114 2222 2188 efferrent,
2271 2124 2346 2174 ut
2366 2133 2478 2174 nos

296 2206 478 2283 hodie,
504 2230 642 2291 yam
667 2230 684 2279 3
727 2212 787 2271 in
816 2211 966 2273 duas
995 2212 1254 2295 syllabas
1284 2233 1391 2295 pro
1427 2213 1619 2274 lubitu
1647 2212 2070 2287 dissolvebant,
2100 2220 2115 2248 ‘
2135 2230 2294 2271 nunc
2320 2211 2480 2272 iam.’

297 2303 556 2366 Ceterum
587 2308 647 2366 in
678 2307 792 2368 hac
818 2307 1097 2383 editione,
1118 2311 1219 2370 ubi
1247 2312 1364 2369 iam
1404 2309 1741 2391 disyllabon
1766 2319 1879 2385 est,
1906 2319 2146 2370 notatur
2174 2308 2437 2370 diaeresis
2460 2327 2480 2377 3

294 2409 365 2473 et,
391 2401 581 2476 cuius,
609 2402 808 2477 huius,
837 2403 986 2478 eius,
1016 2407 1117 2466 ubi
1145 2406 1558 2486 monosyllaba
1580 2417 1741 2481 sunt,
1771 2427 1948 2488 super
1973 2409 1993 2467 i
2016 2408 2240 2468 habent
2268 2424 2480 2467 accen·

293 2506 437 2567 tum3
465 2500 567 2561 ubi
594 2501 913 2582 disyllaba,
940 2522 1117 2583 super
1137 2524 1177 2564 u
1209 2516 1271 2565 et
1297 2524 1368 2574 e3
1397 2504 1591 2584 cujus,
1619 2504 1817 2585 hujus,
1845 2503 1993 2585 ejus.

368 2594 475 2669 Eii,
503 2599 630 2670 reii,
659 2597 826 2680 speii,
869 2598 1060 2681 priore
1097 2620 1202 2679 per
1228 2598 1457 2665 ectasin
1484 2600 1795 2680 producta,
1823 2620 1944 2661 non
1973 2600 2244 2679 indigent
2266 2600 2477 2669 venia3

295 2708 417 2751 cum
445 2693 753 2755 Lucretius
782 2694 995 2774 aliique
1017 2696 1153 2756 olim
1172 2694 1320 2777 epici
1348 2694 1506 2755 idern
1525 2695 1790 2756 fecerint.
1874 2697 1943 2755 In
1969 2706 2172 2757 nostra
2198 2695 2479 2770 editione,

294 2782 418 2848 cum
437 2790 865 2869 producuntur,
892 2791 1131 2871 duplice
1159 2791 1179 2850 i
1209 2790 1562 2851 scribuntur.
1854 2862 1856 2866 ¹
1989 2811 1996 2819 ·

366 2884 574 2967 Neque
606 2885 756 2948 illud
785 2887 935 2949 inter
973 2888 1244 2949 licentias
1271 2906 1566 2962 numeres,
1589 2907 1726 2949 cum
1756 2887 1984 2949 Comici
2014 2906 2044 2948 s
2064 2889 2240 2948 finale
2269 2887 2328 2947 in
2359 2888 2482 2968 syl-

294 2977 421 3042 laba
446 2985 631 3058 brevi,
660 2994 940 3064 sequente
959 2996 1160 3047 tamen
1187 2995 1581 3059 consonante,
1611 3005 2036 3067 nonnunquam
2063 2984 2373 3065 abjiciunt,⁴
2390 2994 2478 3058 ut,

292 3078 466 3154 tristi',
493 3081 833 3142 famelicu’z
873 3080 1165 3161 siquidem
1186 3081 1346 3143 idem
1373 3082 1520 3144 facit
1544 3083 1765 3162 passim
1795 3081 2122 3143 Lucretius.
2200 3083 2480 3142 Ceterum

293 3174 443 3252 quod
467 3197 579 3237 nos
617 3176 863 3257 quidam
909 3178 1146 3254 docent,
1192 3189 1255 3241 et
1290 3180 1352 3238 in
1398 3178 1631 3261 syllaba
1656 3181 1835 3261 longa
1863 3179 1978 3240 hoc
2006 3179 2197 3240 solere
2225 3179 2370 3252 fieri,
2419 3188 2482 3240 et

292 3283 567 3350 sequente
609 3272 821 3345 vocali,
866 3283 928 3334 et
974 3279 1160 3336 totam
1208 3277 1384 3336 etiam
1433 3275 1724 3356 syllabam
1763 3295 1899 3336 cum
1940 3296 1969 3335 s
2018 3296 2178 3355 saepe
2206 3277 2480 3349 resecari,

291 3365 563 3428 falluntur
592 3381 656 3429 et
696 3369 932 3432 fallunt.
1016 3371 1109 3444 In·,
1153 3372 1520 3443 consimilia,
1561 3392 1599 3432 a
1636 3375 1827 3454 priore
1865 3373 2027 3444 nihil,
2068 3373 2175 3432 sed
2225 3372 2321 3446 ab,
2363 3381 2478 3446 est,

289 3459 499 3525 'vocalis
529 3474 835 3526 resecatur
854 3486 872 3535 3
916 3476 984 3528 ut
1006 3467 1089 3540 in,
1116 3468 1392 3548 palamst,
1431 3480 1825 3531 necessumst.
1908 3468 2275 3531 Multimodis
2317 3467 2478 3549 apud

292 3558 566 3623 Nostrum
594 3581 715 3628 non
744 3562 976 3624 divisim
1001 3562 1258 3639 effertur,
1303 3565 1491 3627 multi’
1538 3566 1728 3635 modis
1751 3586 1770 3636 3
1793 3577 1798 3582 ’
1823 3566 1932 3626 sed
1979 3585 2093 3627 vox
2127 3584 2249 3625 una
2273 3574 2367 3627 est
2392 3575 2478 3637 ut,

290 3659 634 3720 omnimodis
658 3679 674 3722 ε
717 3669 778 3720 et
806 3660 1111 3722 Lucretius
1136 3673 1386 3742 utraque
1413 3664 1612 3723 utitur.

363 3754 519 3823 Quin
549 3763 631 3827 et,
662 3755 764 3815 ubi
790 3755 1154 3836 synaloephae
1182 3757 1271 3817 vis
1288 3766 1505 3831 cessat,
1528 3767 1589 3816 et
1616 3757 1710 3817 vel
1732 3756 1954 3817 vocalis
1982 3756 2276 3836 quaepiam
2297 3756 2392 3816 vel
2419 3776 2479 3816 m

289 3850 486 3911 finales
518 3871 638 3911 non
669 3850 988 3929 eliduntur,
1017 3854 1204 3917 altera
1228 3854 1421 3916 vocali
1449 3873 1553 3915 eas
1583 3854 1911 3936 excipiente
1928 3873 1946 3922 3
1994 3871 2069 3913 ne
2096 3853 2211 3913 hoc
2239 3852 2480 3931 quidem

289 3943 344 4002 in
368 3946 623 4010 licentiis
645 3967 833 4030 ponas
860 3969 876 4009 ε
923 3949 1125 4030 qualia
1152 3951 1268 4013 ista
1295 3960 1356 4016 et
1381 3952 1552 4034 plura
1590 3949 1744 4031 apud
1776 3949 2062 4009 Nostrum
2087 3970 2103 4010 ι
2146 3968 2350 4010 omnes
2378 3948 2482 4030 qui

291 4053 503 4117 amant,
533 4043 630 4104 me
658 4053 719 4104 et
754 4055 954 4120 oetate,
981 4045 1057 4107 ne
1086 4048 1186 4107 ubi
1217 4048 1562 4130 acceperim,
1604 4045 1759 4128 quae
1800 4053 1927 4105 erat
1952 4055 2205 4118 mortua,
2241 4063 2362 4105 una
2398 4045 2482 4106 ire

290 4139 416 4198 cum
445 4140 661 4213 amica,
687 4141 826 4201 dum
857 4142 917 4202 id
946 4143 1203 4216 efficias,
1233 4145 1472 4224 quicum
1518 4161 1640 4203 uno
1690 4139 1813 4202 rem
1851 4140 2159 4201 habebam.
2243 4140 2475 4221 Quippe

291 4246 345 4296 et
361 4235 528 4315 epici,
559 4236 882 4313 Lucretius,
904 4238 1208 4321 Virgilius,
1238 4239 1518 4302 Horatius
1539 4238 1748 4301 eodem
1777 4236 1957 4299 modo
1986 4237 2046 4299 in
2076 4237 2429 4306 hexametris
2456 4258 2472 4300 ε
