3050 4942
679 404 1047 457 SGAMGER
1096 406 1193 455 DE
1242 406 1544 455 comnis
1593 408 2212 459 DIMENSIONIBUS·
2404 394 2532 460 135

343 553 632 615 duarum:
674 550 962 623 dissolvit,
999 551 1144 630 jam,
1186 552 1245 610 in
1291 552 1551 633 syllabas
1591 553 1781 621 duas:
1823 555 1882 613 in
1910 564 2048 626 tres,
2075 553 2357 621 vero;···in
2384 573 2532 633 qua·

344 662 499 722 tuor,
547 649 870 729 virginem:
922 649 983 707 in
1028 648 1310 730 quinque,
1362 649 1672 728 ejusmodi.
1770 649 2141 723 Redducere‚
2189 648 2532 723 redductus,

342 748 653 827 relliquuS,
694 747 991 827 geminata
1016 744 1184 806 effert
1208 756 1595 807 consonante.
1678 747 1947 817 Literam,
1979 767 2114 827 quae
2142 748 2225 817 in,
2253 747 2531 826 optimus,

228 903 235 909 .
343 857 611 905 extrema
655 854 764 915 est,
813 844 972 904 tollit
1012 843 1524 923 frequentissime:
1566 854 1825 905 extrema
1870 845 2078 925 prioris
2113 863 2316 905 versus
2344 845 2535 906 vocali

343 953 436 1002 est
455 962 593 1001 cum
618 942 693 1000 ad
715 941 1112 1001 inchoandum
1134 952 1477 1022 sequentem
1500 951 1732 1003 utatur:
1762 953 1855 1003 est
1882 960 2036 1015 cum,
2061 941 2112 1000 si
2141 941 2292 1002 forte
2311 943 2534 1003 vocalis

344 1040 441 1112 sit,
486 1059 523 1099 a
559 1039 747 1099 vocali
774 1059 908 1118 quae
940 1049 1280 1118 sequentem
1320 1039 1563 1101 inchoat
1586 1058 1820 1099 versum
1866 1037 2006 1098 elidi
2048 1037 2206 1110 velit,
2249 1039 2536 1117 quemad·

342 1136 588 1198 modurn
618 1157 749 1216 quae
790 1148 1132 1216 sequentem
1180 1138 1422 1197 inchoat
1469 1140 1545 1197 ab
1591 1156 1663 1197 ea
1713 1135 1942 1196 interim
1991 1133 2317 1199 absumitur
2343 1135 2534 1195 vocali

342 1254 480 1313 quae
508 1233 943 1314 praecedentem
968 1233 1174 1294 cludit.
1261 1235 1409 1294 Haec
1449 1233 1678 1314 judicio
1706 1242 1911 1293 nostro
1939 1242 2098 1305 sunt,
2139 1252 2274 1312 quoe
2303 1230 2380 1292 de
2406 1252 2533 1292 ver·

341 1331 509 1391 sibus
538 1330 905 1392 Terentianis
950 1340 1009 1391 et
1052 1332 1293 1412 proecipi
1335 1332 1664 1393 debuerunt
1709 1329 2064 1403 necessario,
2109 1340 2170 1390 et
2202 1347 2335 1390 vere
2362 1339 2535 1409 potu-

338 1437 533 1490 erunt.

597 1794 857 1864 JULII
904 1791 1336 1861 CAESARIS
1386 1788 1906 1858 SCALIGERI
1951 1786 2269 1866 LIBER,

890 1936 990 1987 DE
1022 1936 1326 1987 comms
1361 1932 1971 1985 orMENslonus.

1091 2078 1174 2129 Aa
1194 2078 1397 2129 Silvium
1424 2077 1844 2144 Coesaoemfilium.

337 2203 604 2273 (ἔσηνε
666 2202 889 2262 artibus
945 2205 1251 2283 poetarum
1302 2202 1540 2282 ingenia
1604 2199 2029 2270 excolerentur,
2099 2216 2236 2257 cum
2280 2203 2444 2255 esset
2492 2212 2531 2254 a

334 2300 507 2360 nobis
538 2300 771 2360 duobus
798 2300 958 2360 libris
1004 2299 1400 2380 explicatum3
1446 2319 1563 2359 non
1594 2298 1756 2378 prius
1786 2296 2122 2357 absolutum
2167 2293 2351 2353 fuisse
2380 2311 2529 2372 opus

332 2393 480 2456 iilud
507 2396 837 2468 videbatur,
866 2416 1044 2475 quarn
1092 2396 1296 2456 addita
1337 2396 1413 2456 de
1451 2396 1719 2457 versibus
1749 2393 1994 2455 comicis
2036 2390 2530 2454 commentatione

331 2494 669 2554 institutum
710 2505 1065 2554 teneremus,
1150 2493 1325 2565 Nam,
1351 2512 1489 2553 cum
1517 2493 1594 2553 de
1623 2492 1868 2572 origine,
1899 2490 2233 2571 generibus,
2261 2487 2526 2568 partibus

335 2591 716 2663 Fabularum‚
745 2611 880 2670 quae
910 2591 970 2650 in
1003 2609 1243 2651 scenam
1274 2591 1640 2663 afferrentur,
1669 2601 1732 2651 et
1758 2592 1833 2649 ab
1855 2588 1985 2649 aliis
2014 2587 2176 2661 olim,
2204 2594 2266 2646 et
2292 2604 2330 2644 a
2355 2585 2526 2644 nobis

328 2687 475 2768 ipsis
520 2708 633 2748 suo
677 2689 811 2749 loco
856 2689 935 2750 sit
974 2690 1385 2769 disputatum;
1427 2692 1487 2749 in
1532 2689 1726 2748 animo
1766 2686 2150 2757 habebamuS‚
2185 2692 2372 2743 totum
2410 2681 2528 2741 hoc

332 2787 638 2866 negotium
696 2786 891 2866 legare
951 2788 1043 2861 iis,
1102 2789 1203 2867 qui
1245 2786 1321 2847 de
1362 2786 1577 2866 pedum
1620 2783 1969 2866 quantitate,
2010 2782 2202 2860 deque
2250 2796 2525 2838 versuum

260 2896 262 2898 ’
330 2883 556 2943 ratione
597 2883 1090 2963 conscripserant.
1174 2885 1411 2954 Verum,
1444 2903 1578 2943 cum
1606 2893 1668 2943 et
1691 2879 1980 2940 maximus
2009 2877 2097 2937 vir
2134 2876 2435 2945 Erasmus,
2464 2882 2525 2932 et

329 2990 466 3059 post
520 3000 656 3056 eum
715 2980 978 3060 plerique
1016 2980 1114 3039 alii
1157 2981 1241 3040 ita
1286 2981 1441 3040 hanc
1488 2980 1779 3041 conficere
1844 2973 2204 3057 provinciam
2258 2970 2526 3049 aggressi

329 3076 467 3149 sint,
494 3088 565 3136 ut
594 3086 655 3136 et
681 3076 780 3136 ille
827 3077 919 3137 his
972 3096 1091 3136 non
1136 3096 1330 3157 pauca
1371 3077 1704 3155 reliquisse,
1747 3084 1806 3134 et
1833 3073 1894 3133 hi
1924 3070 2134 3133 eadem
2160 3068 2264 3129 illa
2291 3077 2395 3127 aut
2419 3085 2526 3128 ne·

330 3173 537 3246 scisse,
582 3182 688 3233 aut
737 3173 1087 3252 praeteriisse
1137 3173 1246 3233 visi
1289 3173 1444 3242 sint3
1506 3183 1751 3233 coactus
1796 3189 1948 3243 sum,
1989 3165 2226 3229 Silviole
2266 3164 2370 3238 fili,
2409 3165 2526 3225 hac

326 3289 563 3349 quoque
604 3289 786 3348 opera
832 3269 1143 3330 ostendere
1192 3271 1447 3330 animum
1494 3290 1638 3352 erga
1664 3281 1723 3331 te
1766 3277 2072 3329 nostrum:
2127 3274 2213 3336 ut,
2256 3281 2433 3341 quem
2460 3262 2523 3320 in

327 3365 524 3427 locum
553 3378 781 3427 naturae
818 3387 931 3446 ope
972 3369 1218 3448 teipsum
1266 3368 1511 3428 evehere
1558 3367 1935 3439 mirabamur,
1976 3361 2193 3422 nostris
2246 3352 2523 3437 auspiciis

327 3465 656 3542 promoveri
709 3484 780 3525 ac
808 3466 1114 3546 provenire
1150 3485 1223 3525 eo
1267 3466 1482 3546 possis.
1569 3463 1747 3537 Nam,
1796 3482 1928 3523 cum
1957 3455 2396 3541 pernecessaria
2419 3473 2522 3534 per

327 3580 390 3620 se
417 3561 685 3641 cognitio
708 3572 803 3623 est
826 3561 978 3642 ipsa,
1001 3573 1125 3624 tum
1142 3564 1319 3623 etiam
1352 3564 1401 3623 si
1431 3583 1550 3623 non
1583 3572 1764 3635 esset,
1787 3561 2063 3622 videntur
2088 3567 2285 3617 tamen
2306 3552 2413 3614 viri
2433 3551 2521 3611 illi

328 3658 506 3719 talem
536 3658 839 3727 effecisse3
885 3660 1006 3719 sive
1055 3659 1132 3718 ad
1164 3680 1364 3720 eorum
1405 3658 1871 3738 magnitudinem
1899 3656 2187 3718 intueare,
2231 3669 2408 3729 quam
2439 3645 2518 3707 ad

332 3753 668 3835 hujusmodi
710 3757 1174 3817 lucubrationem
1213 3757 1610 3829 demisissent,
1653 3757 1776 3817 sive
1805 3750 2226 3833 negligentiam
2263 3754 2518 3827 spectes,

331 3871 449 3931 qua
494 3853 760 3913 mutilam
799 3851 1296 3934 depravatamque
1341 3853 1756 3932 relinquerent.
1840 3852 1929 3910 Ac
1978 3847 2227 3927 primum
2274 3840 2515 3921 quidem

331 3967 505 4027 quam
537 3949 814 4009 Erasmus
845 3949 1035 4025 affert,
1062 3970 1265 4012 vereor
1286 3961 1354 4011 ut
1373 3950 1722 4031 accipienda
1745 3949 1824 4009 sit
1841 3942 2167 4008 dubitatio:
2215 3941 2310 4012 sit,
2329 3957 2518 3999 necne

331 4045 501 4104 certis
549 4047 800 4126 pedibus
830 4048 1073 4109 astricta
1100 4049 1428 4110 Comoedia.
1514 4051 1690 4122 Nam,
1730 4060 2069 4126 quanquam
2115 4036 2514 4108 Quintilianus

325 4140 436 4199 hoc
463 4140 682 4202 dixisse
709 4143 960 4218 videtur,
992 4159 1113 4205 n'on
1143 4156 1344 4207 tamen
1388 4145 1610 4227 pedum
1636 4145 1800 4224 leges
1849 4137 2066 4222 potius,
2109 4155 2288 4217 quam
2316 4132 2521 4193 trime-¹

331 4245 537 4301 tromm
585 4241 1086 4321 praescriptionem
1130 4241 1489 4304 desideravit
1512 4262 1545 4302 z>
1590 4260 1782 4321 neque
1837 4238 1904 4298 in
1952 4234 2246 4306 omnibus,
2282 4229 2400 4291 *sed
2451 4229 2516 4288 in
