3050 4942
545 343 676 409 226
1278 351 1749 402 rRANciscus
1798 349 2006 399 nans

702 501 858 561 fores
1213 496 1350 557 viris
1601 495 1743 555 hero
1932 493 2097 553 dabit
2352 489 2565 551 sedens

699 596 862 657 idem
1216 594 1388 654 bonis
1603 591 1812 651 herum
1932 589 2061 649 dari
2350 598 2476 648 erat

705 691 818 750 levi
1219 690 1407 748 bonas
1609 704 1791 747 senex
1926 684 2093 745 dolet
2348 692 2517 746 erant

704 806 942 846 manum
1222 786 1411 845 bonos
1614 804 1778 844 soror
1935 782 2115 842 habet
2354 782 2465 842 erit

699 902 910 943 manus
935 882 1138 963 (plur.)
1215 880 1386 941 malis
1610 898 1756 939 uxor
1930 877 2155 938 habent
2241 900 2248 907 ·
2351 878 2503 939 foret

703 982 880 1040 miset
1218 979 1404 1037 malos
1620 976 1716 1035 abi
1938 975 2134 1035 solent
2359 975 2528 1035 abest

701 1077 890 1135 minas
1224 1073 1382 1134 domi
1619 1092 1761 1133 cave
1776 1072 1806 1112 ⁶
1934 1071 2139 1132 studet
2358 1081 2527 1150 potes

701 1172 880 1232 modo
1078 1233 1085 1240 ,
1216 1169 1393 1229 domo
1615 1187 1789 1248 mane
1937 1167 2178 1229 student
2358 1176 2561 1246 potest

705 1287 843 1327 aves
866 1267 889 1303 ³
1218 1264 1456 1325 domum
1616 1283 1772 1343 nega
1929 1272 2090 1323 tacet
2355 1262 2530 1321 velim

705 1383 845 1448 oves
1217 1382 1360 1442 puer
1618 1381 1765 1440 roga.
1934 1370 2097 1420 taces
2359 1358 2504 1419 velis

703 1461 884 1521 boves
1217 1469 1386 1539 pater
1622 1467 1756 1518 tace
1937 1468 2140 1518 tacens
2365 1454 2550 1516 velint

704 1576 874 1617 novae
1215 1555 1398 1636 patris
1622 1555 1756 1615 vide
1930 1553 2097 1614 vides
2362 1552 2572 1611 volunt

707 1673 863 1713 novo
1222 1651 1376 1732 patri
1629 1660 1790 1711 amat
1936 1649 2113 1710 viden
2364 1649 2528 1708 lubet

706 1768 924 1808 novum
1223 1748 1401 1808 herus
1629 1745 1770 1806 dedi
1809 1809 1813 1811 ,
1941 1746 2104 1805 videt
2172 1754 2184 1760 ’
2364 1744 2506 1804 licet

713 1846 867 1906 dolis
1227 1844 1356 1903 heri
1630 1841 1798 1902 dedit
1946 1841 2156 1902 lubens

630 1999 876 2071 Quarto,
905 1997 965 2056 in
993 1977 1379 2079 polysyllabis
1410 1996 1777 2078 compositis,
1810 1994 1877 2056 '‘si
1905 1994 2095 2076 prima
2122 1993 2351 2074 syllaba
2379 2011 2748 2074 componens

546 2095 740 2155 brevis
764 2104 867 2153 est
894 2104 1060 2153 extra
1085 2093 1592 2171 compositionem,
1621 2092 1679 2150 in
1712 2092 2133 2177 compositione
2156 2109 2389 2170 quoque
2418 2090 2750 2170 saepissime

549 2192 758 2269 corripi
807 2190 1013 2262 solere,
1067 2187 1254 2269 (quod
1308 2186 1384 2248 de
1432 2177 1855 2270 monosyllabis
1885 2188 2046 2269 prius
2094 2188 2416 2260 observavi,
2462 2187 2751 2267 quodque

547 2286 707 2348 valet
732 2285 910 2346 etiam
940 2285 1000 2344 in
1027 2285 1366 2364 compositis
1384 2285 1483 2359 ab,
1510 2295 1668 2361 ante,
1697 2294 1757 2346 et
1783 2285 1981 2360 inter,)
1997 2285 2267 2365 exempla
2290 2284 2443 2360 haec,
2470 2306 2547 2345 ne
2575 2286 2751 2367 plura.

550 2400 886 2463 congeram,
915 2381 1259 2444 ostendunt.

708 2529 951 2590 advenis
1233 2549 1469 2591 arcesso
1742 2530 1988 2591 interest
2249 2528 2629 2608 indiligenter

709 2627 940 2687 abduco
1227 2633 1519 2706 cognatus
1739 2626 2146 2685 interminatus
2250 2624 2555 2703 ingenium

709 2722 964 2784 absurde
1230 2724 1536 2802 colloquor
1738 2724 1986 2802 ignavus
2250 2724 2478 2801 integer

710 2819 920 2879 adsitis
1233 2815 1607 2879 commodare
1746 2819 1954 2898 ignoro
2253 2818 2472 2878 invidia.

709 2913 955 2975 advenis
982 2916 1195 2995 (verb.)
1229 2913 1442 2974 incedo
1744 2912 2003 2994 impingo
2254 2913 2501 2973 inveniri

710 3011 919 3069 affines
1226 3010 1467 3088 incepto
1744 3009 2011 3090 intelligo
2257 3008 2489 3070 oblecto

712 3105 928 3165 ancilla
1230 3104 1486 3165 incertus
1740 3107 1966 3186 impero
2256 3108 2502 3168 obsecro

712 3200 963 3260 antehac
1230 3200 1504 3279 indignus
1743 3201 2049 3282 imperium
2254 3204 2521 3262 occultus

707 3296 986 3376 antiquus
1229 3297 1461 3358 interim
1637 3342 1662 3352 ..
1745 3299 2082 3378 imprudens
2254 3297 2523 3358 ostendo.

634 3442 880 3517 Quinto,
922 3463 1055 3525 quae
1086 3451 1376 3503 acuuntur
1422 3444 1482 3502 in
1513 3445 1683 3504 tertia
1734 3446 1808 3504 ab
1859 3439 2141 3518 extrema,
2182 3444 2475 3505 interdum
2504 3453 2750 3504 acutam

550 3539 890 3620 corripiunt,
922 3541 971 3599 si
995 3539 1287 3618 positione
1317 3542 1444 3599 sola
1470 3542 1653 3621 longa
1681 3542 1818 3614 sint,
1848 3551 1934 3614 ut,
1963 3541 2202 3621 optime,
2246 3542 2511 3612 servituS,
2538 3561 2753 3620 perve-

550 3637 672 3709 lim,
701 3634 1153 3714 Pamphilusstet
1166 3651 1365 3715 pauca
1393 3637 1526 3710 alia‘,
1568 3658 1688 3716 quo
1718 3640 1916 3698 cretici
1943 3648 2247 3698 mutantur
2274 3638 2335 3695 in
2379 3648 2751 3717 anapaestos,

552 3736 718 3797 Idem
744 3734 967 3793 factum
999 3744 1090 3793 est
1118 3733 1200 3807 in,
1229 3735 1590 3814 neutiquam,
1614 3736 1755 3797 licet
1778 3737 2023 3816 incipiat
2050 3756 2088 3795 a
2116 3735 2514 3816 diphthongo:
2561 3736 2751 3796 inter·

619 3965 648 4009 5
684 3957 833 4023 Aves]
880 3961 929 4009 V
964 3961 1036 4024 in,
1071 3975 1213 4025 aves,
1252 3969 1309 4014 et
1345 3964 1608 4030 similibus,
1754 3971 1787 4017 6
1823 3966 1970 4031 Cave]
2004 3968 2309 4032 In,caveto,
2330 3969 2506 4027 etiam,
2526 3974 2749 4033 negato,

552 4035 760 4087 videtur
805 4038 857 4087 in
901 4041 1129 4090 vocalem
1175 4039 1324 4106 verti,
1360 4050 1415 4091 et
1454 4057 1606 4092 voces
1688 4051 1745 4094 et
1780 4052 1964 4110 rogato
2004 4045 2228 4097 Plautus
2268 4046 2545 4097 secundam
2582 4047 2749 4096 corri-

552 4113 768 4173 proinde
808 4130 904 4182 pro
945 4119 1303 4182 monosyllabis
1342 4114 1603 4169 habendas
1685 4123 1781 4185 pit.

550 4197 687 4239 *8280-
