3050 4942
937 407 1018 457 IN
1069 406 1435 456 ANDRtAM
1485 406 1900 459 PROLOGUS.

2380 394 2512 459 275

323 551 628 630 Faciunt,
656 571 788 629 nae,
816 552 1271 635 intelligendo,
1299 557 1375 618 ut
1402 551 1569 617 nihil
1595 552 2010 636 intelligant3

320 652 461 732 Qui
491 674 644 720 cum
667 654 840 719 humo
867 662 1214 733 accusant,
1248 655 1592 741 Naevium,
1623 653 1963 733 Plautum,
1993 653 2277 720 Ennium

319 753 713 836 Accusant3
757 776 932 841 quos
959 758 1070 822 hic
1095 765 1317 823 noster
1344 765 1650 823 auctores
1679 757 1922 823 habet:

318 855 619 935 Quorum
653 860 947 924 aemulari
976 867 1260 944 exoptat
1286 860 1753 943 negligentiam

321 957 560 1023 Potius
591 979 796 1044 quam
822 961 1098 1027 istorum
1130 963 1486 1027 obscuram
1514 959 1948 1044 diligentiam.

319 1059 583 1125 Dehinc
610 1066 684 1126 ut
711 1062 1080 1146 quiescant,
1110 1081 1308 1148 porro
1335 1081 1602 1141 moneo,
1631 1070 1701 1126 et
1726 1061 2034 1128 desinant

320 1161 750 1242 Maledicere,
777 1164 1141 1232 malefacta
1165 1186 1249 1231 ne
1277 1173 1562 1230 noscant
1592 1185 1741 1231 sua.

320 1360 483 1421 Certe,
503 1365 616 1412 dam
638 1364 835 1413 nimiam
856 1365 1177 1428 intelligentes
1194 1367 1344 1416 videri
1365 1368 1543 1425 volant,
1563 1370 1810 1418 ostendant
1839 1383 1890 1417 se
1922 1368 2045 1417 nihil
2063 1367 2335 1428 intelligere
2349 1383 2366 1416 e
2387 1379 2514 1426 m,

313 1439 421 1476 cm
435 1427 561 1476 hune
581 1428 780 1479 Po'e'tam
802 1435 1012 1479 nostrum
1031 1431 1393 1495 reprehendant,
1423 1434 1569 1482 etiam
1605 1433 1945 1496 reprehendant
1974 1431 2189 1494 insignes
2220 1431 2400 1481 Po'e'tas
2418 1431 2516 1479 Le-

315 1491 463 1555 tim,
483 1493 730 1554 Noeeium,
750 1494 996 1556 Planum,
1026 1496 1269 1554 Ennium,-
1298 1512 1492 1560 quoram
1513 1498 1845 1547 auctoritatem
1871 1497 2116 1547 Terentius
2132 1499 2347 1561 sequitur
2364 1511 2384 1554 ,-
2404 1508 2516 1558 qno·

317 1569 424 1604 ram
455 1557 641 1606 imitari
677 1564 870 1621 exoptat
902 1559 1097 1609 ζίὸενωπ
1125 1565 1173 1610 et
1210 1563 1474 1623 negligenti
1492 1563 1696 1611 similem
1715 1562 1767 1612 in
1789 1561 2118 1622 transferendo
2131 1577 2312 1623 curam,
2340 1559 2518 1622 potius,

320 1635 459 1682 quant
478 1623 675 1670 morum
694 1622 910 1673 servilem
940 1629 990 1673 et
1022 1622 1292 1688 affectatam
1325 1627 1376 1675 ia
1404 1627 1657 1676 reddendis
1686 1626 1852 1676 verbis·
1878 1641 2083 1689 euram,
2114 1640 2219 1690 proe
2236 1625 2388 1675 nimia
2406 1622 2520 1672 dili·

318 1686 483 1745 centia
505 1686 762 1737 obscuram.
835 1687 1006 1738 Veram
1027 1690 1103 1738 his
1121 1691 1361 1751 mantio,
1379 1696 1434 1739 at
1456 1692 1509 1740 ia
1527 1696 1762 1754 posterum
1797 1695 1982 1742 taceant
2087 1691 2098 1703 ‘
2125 1692 2187 1753 ti,
2217 1695 2262 1739 et
2296 1690 2514 1739 desinant

318 1751 610 1815 maledicere,
628 1767 685 1800 ne
705 1751 953 1812 malefacta
971 1768 1057 1803 sua
1069 1753 1263 1803 videant
1283 1754 1541 1813 manifesta
1560 1757 1769 1805 omnibus
1787 1755 1923 1821 fieri.
1998 1706 2314 1819 130?me
2332 1757 2516 1818 speeta-

1220 1896 1587 1917 ‘mmet‘

320 1998 380 2045 17
415 1993 672 2059 Joseplms
692 1994 930 2060 Scaliger
961 1994 1028 2044 ad
1064 1996 1312 2059 Propert.
1335 2010 1414 2046 lv.
1436 2001 1488 2046 2.
1508 2000 1591 2047 68.
1623 1995 1848 2060 legebat,
1886 1995 2111 2056 Faciant,
2130 2009 2193 2044 ne
2212 1993 2518 2056 intelligendo

318 2063 371 2107 nt
391 2060 513 2109 niltil
530 2060 823 2123 intelligant.
889 2061 1055 2113 Quasi
1077 2061 1194 2111 duae
1233 2063 1489 2121 negativae
1531 2061 1683 2110 unius
1719 2063 1888 2112 vicem
1925 2060 2232 2110 sustineant.
2297 2058 2519 2108 Durius·

318 2123 452 2184 cale,
471 2125 516 2173 si
541 2124 664 2188 quid
686 2125 858 2175 video.
922 2126 1199 2177 Turnebus
1221 2127 1399 2176 mallet
1419 2127 1810 2188 interrogative,
1836 2126 2101 2176 Faciuntne
2119 2123 2444 2186 intelligendo,
2458 2125 2517 2171 at

318 2188 442 2237 nihil
474 2189 748 2251 intellig-ant
763 2187 789 2240 21
854 2190 972 2243 Quo
1010 2191 1161 2241 modo
1188 2198 1362 2242 tamen
1405 2192 1584 2254 plures
1618 2192 1728 2256 jam
1768 2191 1958 2241 dudum
1999 2197 2122 2240 ante
2156 2203 2274 2238 eum
2311 2187 2519 2251 legisse,

319 2252 492 2302 Gnido
512 2253 779 2304 Juvenalis
801 2261 984 2306 auctor
1008 2263 1107 2305 est.
1172 2256 1315 2308 Quin
1346 2256 1460 2320 jam
1501 2257 1699 2306 Donati
1724 2261 1882 2305 aetate
1905 2254 1982 2303 ita
2014 2268 2046 2303 a
2077 2251 2382 2318 quibusdam
2410 2252 2520 2301 lec·

320 2323 445 2375 tum,
469 2312 721 2382 palmaria
740 2327 1043 2383 argumento
1067 2319 1231 2369 utitur
1247 2320 1544 2381 Turnebus,
1567 2321 1704 2386 quod
1726 2318 1785 2368 τὸ
1805 2324 1946 2381 NAE,
1969 2318 2249 2368 formatum
2271 2332 2301 2366 e
2324 2316 2520 2366 Grbco

321 2380 431 2442 Ναὶ,
452 2384 520 2431 sit
542 2381 653 2432 fere
678 2385 888 2435 initiale.
956 2384 1282 2435 Contrarium
1305 2391 1476 2434 autem
1497 2392 1579 2435 est
1603 2387 1686 2434 vel
1713 2385 1905 2434 Heaut.
1927 2397 1981 2434 v.
2005 2386 2054 2432 1.
2077 2386 2162 2432 45.
2189 2383 2206 2411 ‘
2224 2380 2319 2444 At,
2339 2395 2441 2443 nae,
2459 2379 2521 2428 il-

317 2446 407 2495 lud
432 2446 567 2496 haud
592 2447 828 2509 inultum,
868 2447 910 2498 si
952 2449 1086 2511 vivo,
1122 2448 1329 2500 ferent!
1394 2449 1525 2499 Cum
1563 2448 1810 2501 Turnebo
1848 2455 2021 2498 tamen
2057 2446 2304 2496 videntur
2346 2443 2520 2494 facere

320 2510 519 2575 Tanaq.
541 2511 714 2590 Faber
730 2520 787 2562 et
809 2514 1076 2601 Dacieria.
1144 2512 1366 2563 Gravior
1391 2520 1561 2563 autem
1581 2514 1684 2562 erit
1707 2512 1985 2590 sententia,
2008 2511 2050 2560 si
2073 2511 2232 2586 legas,
2267 2515 2324 2559 ut
2355 2507 2518 2570 edidi,

321 2582 676 2692 {mztis}
702 2578 982 2704 ἕέἔείῗῗῆ,
1008 2578 1188 2691 ἴῖἕῖιξέι
1223 2578 1451 2692 {aaa
1466 2577 1824 2692 {mittant
1845 2573 2397 2701 ‹332‘2‘150¹².{¹3⁸?„::;
2427 2572 2523 2711 αξξ

325 2705 490 2754 velint
512 2711 652 2755 artes
675 2705 1016 2769 confundere,
1038 2712 1094 2755 et
1116 2705 1291 2756 facere
1313 2711 1373 2752 ut
1394 2719 1460 2754 ne
1482 2705 1649 2754 intelli
1689 2704 1823 2754 endo
1844 2704 1971 2753 nibil
1996 2700 2290 2763 intelligant
2305 2700 2339 2747 Ρ
2366 2701 2448 2749 Id.
2466 2714 2523 2748 ut

325 2770 455 2819 ΔΜ.
523 2769 618 2819 Nae
638 2769 765 2820 ferri
804 2777 998 2834 potest.
1067 2770 1246 2820 Nostri
1283 2768 1411 2820 libb.
1438 2781 1614 2817 omnes
1647 2719 1747 2830 fec.
1770 2766 1820 2817 A
1842 2769 1886 2816 B
1912 2767 1955 2815 C
1978 2765 2080 2816 Gn.
2104 2768 2151 2813 1.
2173 2770 2224 2814 2.
2261 2763 2385 2813 Hel.
2447 2763 2522 2835 Et

322 2833 396 2882 sic
420 2846 626 2895 semper
645 2835 901 2900 intellige.
945 2849 1023 2894 ne,
1048 2835 1197 2885 etsie
1216 2834 1373 2884 Bent.
1397 2833 1549 2884 Both.
1614 2834 1711 2881 No
1730 2829 1961 2882 mutand.
1977 2830 2032 2879 in
2052 2844 2131 2890 ne,
2155 2834 2210 2877 et
2230 2842 2348 2878 cum
2362 2829 2522 2877 inter·

326 2910 436 2960 rog.
458 2896 842 2960 proferendum.
929 2899 1202 2962 ugrapltius.
1267 2898 1337 2947 Et
1357 2898 1432 2946 sic
1453 2897 1614 2946 habet
1631 2897 1724 2947 Br.
1790 2898 1885 2947 Noe
1910 2897 2247 2958 'anteponunt
2285 2892 2353 2943 R.
2381 2891 2521 2940 D.—

329 2962 393 3010 19
423 2961 617 3012 Habuit
637 2963 858 3016 Ere-20
892 2963 936 3013 C
955 2968 1157 3028 spectat,
1178 2962 1315 3012 baud
1336 2963 1488 3012 male.
1522 2961 1802 3014 Both-25
1837 2962 1960 3011 Par.
1977 2963 2225 3024 pernoscat
2244 2958 2306 3009 is.
2361 2957 2523 3007 Dam-

1311 3097 1524 3150 NOTAE

321 3192 576 3259 fundique
584 3195 708 3260 jura
729 3194 957 3260 gentium
980 3193 1264 3247 rebantur!
1296 3194 1384 3245 Sic

324 3270 569 3320 Lavinius
615 3272 741 3320 vitio
779 3270 959 3336 dabat,
1010 3272 1150 3337 quod
1191 3272 1387 3321 Teren·

325 3347 429 3396 tius
484 3346 819 3396 mutuabatur
866 3362 933 3397 ex
983 3347 1272 3399 Menandro
1323 3362 1386 3398 ea

320 3440 437 3490 quae
476 3426 529 3475 in
569 3440 677 3476 rem
717 3442 862 3477 suam
901 3426 1187 3492 faciebant,
1224 3435 1282 3480 et
1319 3443 1386 3480 ex

322 3500 498 3551 multis
523 3502 799 3553 Comoediis
819 3517 972 3553 unam
994 3502 1212 3554 faceret.

388 3581 455 3628 2⁰
491 3579 705 3636 Quorum
745 3580 961 3630 murt
999 3586 1194 3647 exoptat
1233 3581 1389 3644 negli-

320 3655 561 3720 gentiam]
615 3656 860 3707 Imitandi
904 3656 1083 3707 modus
1129 3657 1256 3707 alius
1304 3663 1388 3707 est

324 3731 548 3796 servilis,
578 3731 708 3781 alius
738 3746 861 3782 vero
891 3732 1159 3794 ingenuus.
1214 3733 1387 3783 Servi·
1419 3776 1424 3781 .

326 3805 391 3855 lis
429 3804 521 3856 ille
554 3812 654 3870 est,
686 3822 802 3858 cum
838 3807 985 3871 quasi
1020 3806 1386 3872 superstitione

324 3883 553 3947 quadam
573 3884 640 3934 ab
664 3898 746 3945 eo,
780 3898 931 3949 quem
968 3882 1271 3932 imitandum
1294 3896 1387 3933 no-

327 3958 407 4009 bis
462 3961 843 4024 proposuimus,
906 3972 975 4010 ne
1035 3965 1386 4009 transversum

327 4034 536 4099 quidem
560 4035 778 4099 digitum
809 4036 1082 4087 discedere
1107 4036 1385 4087 audemus:

326 4109 524 4163 idcirco
546 4112 799 4163 Horatius
822 4112 930 4164 ait:
962 4112 979 4142 ⁴
1003 4113 1051 4164 Ο
1076 4111 1390 4176 imitatores,

327 4201 534 4238 servum
568 4192 751 4252 pecus!
791 4195 850 4239 ut
882 4188 1006 4239 mihi
1043 4203 1180 4254 saepe
1203 4189 1391 4251 Bilem‚

330 4278 469 4330 sape
484 4264 671 4331 jocum
693 4265 853 4316 vestri
871 4279 1079 4317 movere
1096 4267 1346 4317 tumultus
1358 4264 1392 4320 2’

1468 3196 1707 3259 Ingenua
1756 3193 1978 3246 imitatio
2018 3199 2119 3256 est,
2169 3191 2376 3258 qnando
2418 3204 2523 3241 non

1465 3271 1681 3322 verbum
1729 3270 1893 3322 verbo
1945 3270 2238 3331 reddimus3
2296 3267 2388 3318 sed
2446 3268 2524 3316 sic

1466 3348 1637 3398 aliena
1657 3354 1961 3410 tractamus,
1998 3352 2057 3396 ut
2088 3360 2191 3395 non
2214 3360 2309 3409 pro
2346 3344 2525 3394 alienis

1462 3424 1770 3486 habeantur,
1792 3423 1882 3472 sed
1914 3427 2258 3487 agnoscantur
2283 3435 2373 3486 pro
2406 3435 2526 3470 nos-

1463 3501 1586 3549 tris:
1621 3499 1760 3550 uude
1792 3499 2040 3549 Horatius
2083 3499 2135 3547 in
2171 3499 2335 3547 Arte:
2368 3497 2383 3528 ⁸
2404 3497 2524 3547 Nee

1463 3575 1677 3625 verbnm
1710 3574 1872 3625 verbo
1904 3574 2108 3625 curabis
2137 3573 2359 3624 reddere
2391 3572 2525 3621 fidus

1464 3649 1771 3714 Interpres.’
1833 3647 2276 3710 subaudiendum,
2296 3654 2372 3696 ut.
2404 3648 2524 3700 Quo

1465 3727 1583 3777 loco
1604 3740 1707 3777 non
1742 3731 1903 3789 negat
1937 3723 2030 3773 fidi
2062 3738 2178 3773 esse
2210 3723 2524 3786 Interpretis

1467 3802 1681 3853 verbum
1726 3801 1886 3851 verbo
1920 3799 2176 3850 reddere:
2230 3799 2321 3849 sed
2365 3804 2527 3862 negat

1465 3876 1586 3930 boni
1608 3875 1895 3929 Imitatoris
1918 3890 2031 3926 esse
2051 3875 2104 3925 id
2121 3875 2315 3940 facere,
2332 3881 2392 3925 ut
2414 3874 2528 3922 vult

1465 3970 1673 4023 qnoque
1697 3955 1897 4005 Seneca
1922 3955 2091 4019 Epist.
2113 3966 2330 4005 cxxxv.
2371 3952 2525 4003 Simi-

1464 4036 1528 4085 lis
1567 4033 1727 4084 debet
1761 4046 1873 4081 esse
1905 4031 2155 4094 imitator,
2180 4029 2437 4094 quomodo
2469 4025 2532 4077 fi-

1466 4112 1594 4173 lius;
1655 4123 1758 4160 non
1810 4109 2059 4175 quomodo
2114 4107 2304 4171 imago.
2362 4106 2524 4156 Certe

1470 4202 1647 4253 operae
1686 4184 1911 4251 pretium
1949 4184 2052 4234 erit
2082 4183 2211 4234 banc
2255 4183 2528 4248 epistolam

1471 4264 1763 4331 perlegere.
1820 4260 2017 4314 Eadem
2034 4261 2196 4312 sentit
2211 4259 2507 4311 Terentius.
