3050 4942
498 354 584 419 14
1389 365 1809 429 summme.

500 513 737 598 potius
767 512 939 577 inter
985 530 1059 575 se
1107 508 1543 587 confabulari,
1574 529 1773 593 quam
1820 509 2121 577 numeris
2149 510 2449 590 astricta,
2479 510 2697 579 videri

497 618 875 682 voluerunt.
965 614 1157 678 Idem
1202 620 1428 680 tamen
1477 613 1719 678 Cicero
1749 613 2019 678 Parad.
2059 628 2172 678 111.
2218 616 2282 680 2.
2328 617 2349 648 ‘
2380 613 2701 692 Histrio,’

497 718 735 802 inquit,
778 721 799 755 ‘
824 718 885 782 si
915 717 1192 801 paulum
1238 735 1313 779 se
1354 715 1569 779 movit
1599 720 1788 780 extra
1812 734 2181 794 numerum,
2210 723 2329 782 aut
2369 717 2431 781 si
2459 734 2697 781 versus

497 821 973 905 pronuntiatus
1001 825 1109 884 est
1138 818 1402 901 syllaba
1431 837 1567 884 una
1596 818 1868 883 brevior
1908 824 2027 883 aut
2054 819 2342 902 longior,
2371 818 2696 884 exsibilat-2

496 931 603 989 tur
630 929 701 988 et
729 919 1155 1007 exploditur.'
1246 919 1452 999 Quod
1474 921 1592 1004 qui
1621 919 1769 986 fieri
1798 922 2095 1004 potuerit
2120 921 2188 985 in
2213 921 2434 986 Scena
2463 919 2693 998 Nova,

495 1030 612 1093 ubi
642 1028 917 1092 alternis
944 1033 1201 1091 tantum
1218 1025 1498 1090 sedibus
1524 1024 1847 1110 Spondaei
1869 1025 2149 1108 recepti,
2172 1024 2292 1090 vix
2317 1024 2695 1105 intelligasg
2760 1026 2766 1033 ’

493 1130 762 1209 nedum,
782 1130 842 1194 si
860 1128 944 1193 de
961 1127 1190 1193 Veteri
1213 1147 1430 1193 sermo
1450 1129 1561 1206 sit,
1584 1129 1701 1193 ubi
1722 1126 2072 1210 Tragicos,
2097 1126 2438 1203 ComicoS,
2460 1125 2696 1191 Satiri-

493 1250 749 1314 cosque
779 1229 1038 1294 Iambis
1065 1229 1595 1314 Trochaicisque
1625 1230 1933 1295 versibus
1975 1230 2199 1313 plures
2244 1227 2693 1295 immiscuisse

492 1332 878 1416 Spondaeos
906 1332 1235 1397 novimus.
1322 1332 1511 1413 Quid
1542 1332 1726 1415 quod
1754 1331 2006 1397 numeri
2050 1332 2247 1396 rebus
2276 1330 2536 1414 passim
2570 1346 2695 1412 pa—

493 1456 640 1500 rum
692 1436 1118 1514 conveniunt,
1179 1438 1567 1521 variumque
1619 1433 2003 1498 Carminum
2057 1452 2265 1516 genus
2315 1433 2389 1497 in
2432 1430 2695 1509 eodem,

491 1537 669 1604 idem
695 1538 769 1600 in
799 1536 1064 1602 diverso
1095 1537 1362 1619 negotio
1393 1537 1792 1602 adhibetur‘i
1882 1536 1959 1601 Si
1990 1544 2217 1600 tamen
2259 1554 2344 1600 ea
2373 1532 2696 1599 Carmina

495 1647 678 1716 sunt,
708 1638 888 1703 unde
937 1638 1073 1702 nisi
1113 1636 1578 1703 diversissima
1623 1636 1873 1722 pedum
1916 1643 1987 1702 et
2035 1643 2394 1703 metrorum
2445 1650 2696 1719 genera

491 1741 613 1821 vix
642 1741 1030 1825 exsculpaS.
1119 1740 1365 1824 Neque
1398 1758 1681 1824 semper,
1708 1740 1933 1818 credo,
1970 1740 2264 1823 dignitas
2292 1739 2487 1803 nobis
2512 1737 2697 1802 vide*

494 1845 695 1909 turin
728 1843 940 1910 tardis
968 1843 1357 1928 SpondaeiS,
1408 1864 1629 1928 neque
1676 1845 2126 1929 exardescens
2155 1844 2441 1909 affectus
2491 1842 2570 1907 in'
2592 1843 2696 1907 in-

492 1946 914 2013 citatioribus
966 1947 1299 2030 Dactylis.
1416 1947 1600 2013 Illud
1655 1947 2061 2012 confidenter
2110 1946 2291 2024 dico,
2350 1945 2480 2010 nisi
2535 1945 2694 2028 quis

490 2050 699 2112 multo
728 2049 1095 2113 maximam
1123 2050 1457 2115 literarum
1486 2055 1747 2133 partem
1779 2048 2229 2126 Comicorum,
2284 2053 2353 2113 et
2401 2049 2696 2112 maxime

492 2152 720 2218 Plauti
748 2159 814 2218 et
842 2152 1144 2217 Terentii
1192 2157 1394 2218 aetate
1446 2153 1637 2218 aliter
1666 2153 2011 2236 scriptam,
2062 2151 2261 2217 aliter
2303 2151 2692 2236 pronuntia-.-

492 2258 655 2332 tam,
685 2255 795 2319 vel
826 2254 1095 2319 omnino
1128 2256 1196 2318 iu
1221 2274 1522 2319 sermone
1553 2268 2008 2339 suppressam,
2036 2254 2219 2337 quod
2256 2273 2434 2318 nunc
2470 2252 2694 2319 Gallis

494 2365 564 2422 et
595 2358 932 2422 Britannis
957 2376 1279 2441 perquam
1308 2357 1637 2422 familiare
1660 2365 1791 2435 est,
1822 2358 2232 2438 ostenderit}
2281 2356 2402 2421 sed
2432 2360 2521 2435 et,
2542 2378 2695 2441 quae

491 2462 671 2528 illius
703 2468 1037 2544 comptae
1068 2461 1647 2544 pronuntiationis
1692 2462 1866 2526 ratio
1894 2460 2115 2539 suerit,
2147 2461 2563 2525 examussim
2593 2463 2696 2526 in-

493 2563 840 2643 dicaverit,
888 2563 1351 2645 nequicquam
1413 2562 1742 2628 Licentiae
1791 2561 2091 2628 Comicae
2141 2562 2442 2645 Regulas
2493 2565 2694 2630 nobis

490 2666 947 2732 concinnabit.
1035 2664 1113 2734 Si
1162 2666 1341 2731 enim
1392 2664 1777 2749 promiscue
1806 2665 2137 2750 syllabam
2181 2670 2410 2729 contra
2438 2667 2695 2748 quanti-

491 2768 654 2834 tatis
682 2769 999 2851 vulgatae,
1040 2769 1459 2853 diphthongi,
1508 2776 1580 2835 et
1625 2768 1972 2853 positionis
2017 2772 2323 2832 naturam
2368 2768 2698 2850 corripere

487 2869 594 2933 fas
620 2871 736 2947 -sit,
766 2871 944 2954 q'uod
977 2871 1318 2936 contendit
1346 2870 1448 2935 Cl.
1482 2871 1713 2949 Hare3
1762 2868 1823 2933 si
1852 2889 2004 2947 non,
2054 2866 2226 2932 Estis
2265 2887 2391 2946 voS,
2438 2868 2560 2932 sed
2603 2866 2695 2932 fite

488 2991 661 3049 vous,
693 2989 846 3035 cum
873 2971 1214 3035 hodiernis
1244 2971 1487 3049 Gallis„
1527 2969 1617 3033 Yo
1646 2990 1768 3054 pro
1796 2968 1961 3054 Ege,
1995 2977 2145 3034 cum
2178 2969 2512 3053 Hispanis
2543 2971 2695 3035 dix?

487 3072 629 3137 isse
658 3072 924 3155 priscos
954 3071 1234 3137 Latinos
1265 3072 1601 3136 credimus
1633 3091 1788 3135 cum
1838 3070 1940 3135 Cl.
1971 3071 2241 3151 Wasi0,
2273 3072 2439 3155 quid
2486 3086 2692 3138 sonu·-

488 3175 618 3237 erit
647 3174 808 3238 viva
836 3173 1093 3239 Saeculi
1121 3174 1428 3238 Plautini
1454 3179 1524 3238 et
1554 3173 1951 3238 Terentiani
1972 3192 2133 3251 voit,
2177 3193 2340 3238 sane
2389 3194 2567 3257 aegre
2597 3194 2691 3242 ex

489 3275 814 3360 ipsisper
840 3294 915 3340 se
944 3276 1162 3341 literis
1193 3277 1434 3341 confici
1479 3295 1688 3360 posse
1736 3281 1950 3359 patet.
2040 3275 2131 3339 Et
2160 3268 2710 3360 quotusquisque
2748 3316 2752 3321 ·

489 3382 617 3455 est,
643 3379 760 3460 qui
788 3398 922 3443 non
952 3378 1200 3457 videat,
1222 3379 1462 3444 eadem
1483 3378 1741 3443 ratione
1770 3384 2017 3442 cuncta
2042 3376 2153 3441 vel
2184 3375 2554 3456 CiceroniS,
2581 3381 2695 3444 cui

489 3477 558 3541 in
586 3478 759 3563 ipsis
790 3479 1112 3544 orationis
1141 3480 1536 3545 fulminibus
1569 3481 1824 3564 saepius
1874 3478 2085 3543 iambi
2134 3478 2548 3558 exciderunt,
2576 3481 2691 3546 vel

488 3581 974 3667 cujuscumque
1017 3581 1296 3649 alterius
1343 3582 1708 3668 Scriptoris
1758 3602 1969 3666 opera
2019 3580 2107 3645 a'd
2156 3585 2433 3645 metrum
2477 3581 2694 3665 redigi

490 3702 695 3767 posse
715 3684 745 3746 ‘i
831 3681 1029 3749 Adeo
1058 3683 1270 3749 ardua
1314 3702 1423 3748 res
1473 3690 1600 3764 est,
1656 3685 1743 3748 ad
1788 3683 2122 3749 calculum
2169 3701 2507 3763 revocare,
2553 3703 2690 3769 quo

490 3793 696 3868 pacto
726 3786 893 3869 quid
938 3785 1005 3849 in
1056 3787 1264 3852 veteri
1296 3787 1636 3852 orchestra
1666 3786 1752 3852 ad
1784 3787 2023 3851 tibiam
2051 3784 2305 3849 cantari
2338 3792 2410 3849 et
2462 3786 2693 3852 saltari

491 3887 580 3949 sit
604 3887 909 3951 solitum.·
955 3887 1151 3952 Vidit
1173 3888 1277 3966 id,
1299 3892 1368 3952 et
1395 3888 1673 3970 ingenue
1695 3886 2010 3971 professa⁴
2031 3891 2138 3951 est
2167 3885 2695 3968 Elegantissima

491 3986 713 4069 Anna,
741 3988 936 4073 cujus
964 3990 1319 4056 verissima
1342 3991 1410 4055 in
1441 3991 1573 4054 fine
1603 3988 2039 4055 Prae'fationis
2065 3989 2270 4052 verba
2299 3993 2493 4057 sunt:
2537 3992 2559 4023 ‘
2579 3987 2692 4054 On

490 4094 796 4174 pourroit
820 4092 988 4157 faire
1016 4095 1374 4178 beaucoup
1407 4092 1490 4158 de
1522 4096 1903 4176 remarques
1950 4111 2060 4156 sur
2086 4090 2584 4172 l'arrangement
2606 4091 2692 4156 de

490 4202 691 4271 motS,
715 4195 832 4278 qui
882 4198 1072 4260 assez‘
1120 4198 1412 4273 souv'ent
1445 4203 1604 4262 sont
1649 4196 2016 4260 auti-ement
2063 4193 2302 4276 places
2348 4192 2519 4257 dans
2567 4210 2685 4259 ces
