3050 4942
477 365 562 432 lo
1366 380 1786 430 PRAEFA‘MO.

478 534 604 590 tur.
658 525 796 591 Ubi
831 532 1050 592 autem
1081 526 1196 610 qui
1227 529 1383 591 ante
1414 525 1806 590 hunc-diem
1834 523 2227 609 prodierunt
2256 525 2446 590 Libri
2474 525 2679 592 Com·

475 629 870 694 mentarium
904 629 1156 693 Donati
1186 629 1471 712 turpiter
1499 632 1569 692 et
1597 628 1831 693 inscite
1862 638 2160 712 prorsus
2192 628 2506 692 luxatum
2530 628 2679 693 lan-

474 731 895 815 cinatumque
952 732 1222 796 turbato
1283 730 1516 795 ordine
1574 728 2008 807 exhibebant,
2069 729 2251 813 quod
2313 730 2676 794 innumeris

465 831 634 898 locis
662 832 936 910 sactum,
967 835 1082 917 qui
1112 834 1311 912 volet,
1339 833 1648 918 reperiet,
1680 830 2102 898 emendatum
2145 852 2342 912 nunc,
2405 832 2680 898 restitu-

474 942 747 1019 tumque
775 938 1083 1001 exhibeo.

488 1070 491 1075 ·
556 1036 607 1101 ,J
610 1056 859 1104 oannes
876 1037 1325 1121 calphurnius
1353 1039 1469 1103 ille
1500 1036 1903 1115 BrixiensiS,
1930 1037 2243 1124 quisquis
2274 1036 2542 1102 demum
2570 1038 2677 1102 fu-

475 1139 624 1223 erit,
654 1140 999 1204 Laurentii
1027 1140 1253 1207 Vallae
1284 1145 1506 1218 aetate,
1538 1141 1610 1204 id
1641 1147 1773 1219 est,
1818 1140 2088 1205 Saeculo
2117 1139 2354 1223 quinto
2386 1139 2671 1217 decimo,

474 1241 736 1306 vixisse
769 1241 1050 1320 videtur,
1097 1242 1296 1327 cujus
1325 1243 1575 1307 diserte
1604 1242 1910 1309 meminit
1939 1243 2028 1306 ad
2052 1241 2303 1306 Heaut.
2337 1258 2440 1305 lv·
2470 1244 2537 1306 5.
2566 1241 2675 1305 10.

478 1343 620 1408 Hic
654 1349 902 1427 praeter
928 1343 1568 1412 commentariolum
1597 1346 1666 1409 in
1697 1366 1897 1411 unam
1928 1346 2119 1411 illam
2154 1344 2486 1409 Fabulam
2512 1343 2680 1409 nihil

473 1444 882 1526 Terentiam,
913 1446 1098 1531 quod
1138 1448 1374 1525 sciam,
1420 1448 1711 1531 reliquit,
1744 1456 1812 1515 et
1838 1448 2021 1513 haud
2044 1456 2201 1512 'raro
2229 1467 2433 1530 quam
2476 1465 2682 1530 prox·

389 1627 394 1635 ι
475 1547 608 1610 ime
656 1548 746 1614 ad
791 1549 1018 1631 ipsum
1070 1550 1415 1614 Donatum
1467 1549 1804 1614 accedere
1842 1550 2129 1616 videtur.
2219 1548 2295 1614 Si
2322 1549 2474 1633 quis
2520 1546 2677 1612 Cal-

474 1648 833 1733 phurnium
881 1652 1278 1734 possedisse
1331 1654 1673 1719 Donatum
1722 1653 1928 1718 etiam
1972 1655 2040 1718 in
2085 1651 2682 1717 Heautontimoru-

476 1771 711 1816 menon
741 1754 1139 1834 contendat,
1165 1775 1304 1821 non
1331 1755 1532 1821 valde
1566 1754 2092 1839 repugnaverim.
2180 1753 2382 1819 Certe
2414 1752 2684 1837 quidem

476 1854 790 1936 pluscula
837 1856 1229 1922 Donatiana
1275 1858 1347 1922 in
1398 1878 1481 1924 eo
1528 1858 1837 1937 inveniri,
1883 1858 2041 1941 plus
2088 1857 2294 1922 semel
2334 1855 2564 1923 monui
2611 1854 2683 1919 in

480 1953 1112 2024 observationibus·

482 2098 487 2103 ·
568 2056 748 2137 Quae
776 2059 1229 2143 Eugraphius,
1277 2062 1422 2125 sive
1474 2061 1539 2126 is
1583 2060 2013 2144 Eographius
2053 2080 2213 2125 vero
2260 2061 2525 2125 nomine
2561 2079 2682 2126 vo·

480 2160 740 2226 candus
770 2163 882 2241 sit,
907 2163 979 2227 in
1009 2162 1333 2229 Nostrum
1362 2164 1473 2229 vel
1501 2169 1880 2242 notaverat,
1907 2163 2015 2228 vel
2033 2163 2327 2227 notanda
2356 2162 2681 2247 Discipu-

482 2251 1042 2348 lis'praeceperat,
1088 2285 1438 2351 perpauca
1465 2264 1848 2344 admodum,
1878 2284 2098 2349 neque
2123 2264 2261 2330 fere
2298 2265 2684 2349 quicquam,

478 2372 936 2451 praeterquam
986 2368 1059 2432 in
1118 2368 1451 2454 Prologos
1507 2369 1958 2435 Terentianos
2019 2369 2422 2451 Fragmenta
2478 2368 2682 2451 hujus

480 2467 865 2551 ScriptoriS,
897 2469 1168 2549 decimi,
1191 2477 1267 2536 ut
1300 2471 1582 2549 videtur,
1628 2471 1699 2536 id
1731 2475 1855 2549 est,
1903 2471 2369 2537 obscurissimi
2408 2469 2683 2548 Saeculi,

478 2591 521 2635 e
547 2590 673 2637 suo
706 2570 967 2637 Codice
997 2575 1257 2658 primus
1286 2575 1586 2640 omnium
1615 2574 1890 2640 dederat
1909 2572 2190 2647 Gabriel
2220 2572 2543 2650 Fa'ernus,
2564 2592 2686 2636 nu·
2751 2658 2758 2664 .

476 2691 596 2756 per
621 2676 933 2757 repetita,
964 2681 1034 2741 et
1058 2697 1261 2743 novae
1289 2676 1596 2742 Editioni
1624 2674 2041 2742 Terentianae
2067 2675 2337 2759 adjecta
2383 2694 2426 2740 a
2470 2674 2682 2738 Fran⁴

477 2765 664 2847 cisco
697 2776 904 2842 Hare.
994 2779 1174 2845 Haec
1205 2799 1367 2845 vero
1402 2780 1589 2844 bona
1615 2784 1809 2862 parte
1841 2785 1999 2864 post
2045 2777 2379 2843 Fae‘rnum
2407 2798 2446 2841 e
2475 2777 2684 2843 Libro

480 2875 618 2942 Ms.
641 2880 842 2945 auxit
866 2879 1251 2946 Fridericus
1283 2880 1904 2945 Lindenbruchins.·
1954 2881 2089 2945 Sed
2117 2880 2229 2946 vel
2258 2880 2357 2945 ita
2384 2880 2683 2962 ingentes

476 2981 762 3059 lacunae,
834 2984 1052 3047 hiatus
1102 2986 1280 3050 vasti
1333 2984 1727 3064 restabant3
1803 2982 2079 3067 Hecyra
2135 2984 2391 3066 integra
2439 2986 2685 3066 praeter

478 3088 832 3167 utrumque
864 3084 1253 3168 Prolognm,
1300 3084 1581 3167 integrae
1612 3085 1777 3150 item
1809 3083 2244 3148 Phormionis
2288 3085 2528 3149 Scenae
2571 3083 2684 3148 de-

477 3192 688 3248 erant.
775 3184 945 3250 Cum
975 3187 1044 3252 id
1076 3188 1412 3268 dolebam,
1433 3207 1674 3272 neque,
1697 3186 1875 3251 unde
1906 3187 2239 3272 suppetiae
2264 3191 2404 3251 tam
2432 3187 2678 3252 misere

473 3286 705 3352 habito
735 3287 1104 3371 affectoque
1157 3289 1520 3374 Interpreti
1566 3288 1874 3374 petendae
1906 3296 2179 3368 essent,
2238 3289 2679 3372 exputabam,

477 3388 901 3452 commodum
930 3389 1136 3455 incidi
1161 3392 1234 3454 in
1263 3391 1530 3476 duplex
1562 3391 1967 3474 exemplum,
2020 3391 2209 3476 quod
2256 3397 2561 3456 servatur
2606 3390 2679 3454 in

474 3488 904 3559 Bibliotheca
934 3491 1272 3572 Leidensi,
1301 3493 1599 3558 lacerum
1624 3492 1934 3570 alterum,
1957 3493 2239 3557 alterum
2268 3492 2495 3557 multis
2522 3511 2678 3576 par-

478 3591 662 3657 tibus
710 3593 1067 3678 integrius3
1119 3594 1291 3660 illud
1343 3595 1688 3678 quondam
1738 3592 1831 3659 Is.
1863 3594 2127 3673 Vossii,
2173 3592 2306 3658 hoc
2355 3593 2681 3677 Dionysii

478 3696 772 3765 Petavii.
861 3698 946 3762 In
990 3699 1108 3763 illo
1148 3698 1527 3782 legebatur:
1577 3703 1597 3733 ‘
1613 3688 1739 3765 S'c-i
1794 3698 1980 3762 Petri
2031 3694 2509 3761 BeluacensiS.’
2594 3695 2680 3760 In

478 3800 689 3883 hujus·
707 3796 937 3866 fronte*
950 3801 1327 3886 ascriptum
1357 3810 1539 3868 erat:
1584 3806 1606 3837 ‘
1631 3801 1926 3868 Rufinus
1954 3801 2026 3864 in
2052 3798 2550 3865 Commentario
2595 3799 2679 3862 de

480 3899 723 3965 Metris
750 3901 1152 3968 Evanthium
1180 3903 1620 3970 Sacerdotem
1645 3908 1717 3971 in
1743 3903 2132 3968 Terentium
2176 3900 2377 3967 citat.²
2463 3900 2677 3966 Porro

481 4009 740 4067 autem:
789 4006 809 4036 ‘
834 4001 1035 4068 Abbo
1087 4005 1372 4072 Floriac.
1418 4006 1659 4073 Abbas
1697 4007 1769 4073 in
1817 4004 2156 4089 Epistolis
2202 4003 2502 4068 meminit
2540 4001 2679 4067 Eu·

480 4103 780 4188 graphii?
867 4104 1209 4173 Abbatem
1239 4114 1462 4176 autem
1510 4110 1698 4176 illum
1749 4108 2244 4173 Floriacensem
2289 4105 2562 4171 Saeculo
2594 4121 2675 4169 xa

482 4207 792 4273 floruisse
820 4214 1104 4278 constat.
1201 4210 1393 4280 Unde
1422 4213 1507 4279 de
1548 4210 1912 4297 Eugraphii
1941 4214 2140 4278 aetate
2166 4208 2555 4293 conjectura
2581 4206 2677 4274 fit.
