3050 4942
830 403 1194 454 ΝοΜιΝυΜ
1246 404 1688 451 comcomm
1746 404 1993 455 nimo,
2046 447 2051 451 .
2366 392 2494 460 107

394 547 677 608 Pasibula
693 547 840 608 verti
852 554 1069 625 potest,
1087 545 1376 610 Omnibus
1404 546 1723 608 consulens
1744 565 1758 607 t
1782 557 1908 621 πᾶς,
1928 550 2140 624 omnis,
2155 551 2492 612 universus:

311 643 512 717 βουλὴ,
540 643 872 704 consilium.
957 644 1100 723 Ejus
1129 643 1344 725 quippe
1370 644 1597 723 agnitio
1624 643 1842 706 nemini
1869 666 1988 708 non
2015 649 2332 720 consuluit,
2367 668 2493 710 om-

311 742 468 801 nium
493 741 724 802 animos
754 740 973 819 alioqui
1005 741 1438 800 turbatissimos
1467 739 1713 800 feliciter
1743 742 2150 824 tranquillans,
2233 744 2303 804 Id
2331 746 2493 823 quod

311 836 779 899 luculentissime
808 837 986 900 docet
1013 837 1186 917 hujus
1217 836 1541 914 Comoediae
1575 839 1973 918 catastrophe.

390 935 766 1007 Philumena,
809 936 878 995 In
922 955 1119 998 amore
1169 954 1552 1014 perseverans
1602 955 1673 998 ac
1721 936 2064 1014 persistens.
2146 937 2399 1002 Manens
2435 938 2498 996 in

310 1033 586 1094 amicitia.
666 1033 851 1108 Φίλος,
881 1034 1140 1095 amicus:
1180 1041 1354 1112 μένω,
1382 1054 1615 1095 maneo.
1700 1034 2085 1096 scribendum
2113 1044 2308 1100 autem
2335 1045 2496 1114 esset

311 1128 679 1204 Philumena,
727 1131 993 1192 secunda
1019 1142 1080 1192 et
1106 1132 1276 1192 tertia
1302 1131 1614 1193 brevibus:
1660 1141 1721 1192 at
1755 1150 1938 1193 causa
1965 1131 2368 1213 productionis
2399 1152 2495 1194 as-
2557 1133 2566 1139 ’

309 1227 487 1286 sumit
515 1254 551 1287 v
581 1238 720 1307 post
748 1254 798 1302 o,
844 1238 912 1287 ut
939 1230 1015 1289 sit
1041 1228 1446 1309 diphthongus
1475 1256 1559 1302 ου,
1597 1250 1776 1310 quam
1802 1249 1911 1290 nos
1936 1229 1999 1289 in
2028 1250 2069 1290 u
2092 1220 2338 1309 longum
2367 1249 2496 1290 ver.-

309 1322 505 1398 timus,
551 1323 818 1386 dicentes
848 1325 1213 1388 Philumena.
1312 1326 1407 1386 Sic
1435 1326 1643 1388 dicunt
1662 1327 1858 1387 Graeci
1885 1334 2100 1400 νοῦσος,
2129 1325 2362 1407 οὕνομα,
2389 1345 2495 1407 pro

307 1423 489 1494 νόσος,
530 1422 732 1504 ὄνομα.
811 1423 909 1483 Sic
959 1423 1108 1486 dixit
1147 1423 1310 1506 Virg.
1364 1431 1379 1458 ‘
1406 1423 1640 1504 Upilio:
1688 1444 1812 1504 pro,
1864 1424 2082 1504 Opilio.
2167 1424 2298 1484 Nisi
2344 1424 2494 1485 forte

306 1521 436 1596 quis
465 1521 633 1580 malit
658 1520 873 1581 ducere
902 1539 938 1580 a
965 1522 1141 1582 verbo
1168 1526 1456 1600 φιλοῦμω,
1496 1521 1560 1581 id
1600 1532 1715 1590 est,
1758 1522 2077 1583 concilior:
2121 1531 2188 1581 ut
2212 1522 2494 1602 sitparti·

306 1617 522 1696 cipium
549 1619 934 1697 foemininum,
962 1620 1130 1700 quasi
1155 1619 1487 1694 conciliata,
1518 1620 1611 1680 vel
1638 1631 1855 1680 amata.

384 1714 657 1792 Chrysis„
687 1718 916 1777 ''Am-ea.
998 1716 1235 1795 Χρνσὸς,
1282 1734 1507 1778 aurum.
1592 1715 1933 1797 Chrysides,
1977 1735 2172 1777 aurem
2217 1716 2493 1798 cnepidae,

306 1809 399 1871 vel
444 1810 684 1891 phialae.
770 1821 785 1848 ‘
807 1815 1036 1874 Aureos
1057 1831 1257 1874 mores
1277 1814 1292 1838 '
1334 1814 1495 1892 apud
1543 1814 1851 1876 Horatium
1878 1815 2029 1875 libro
2055 1824 2267 1893 quarto
2288 1815 2492 1874 Carm.

307 1908 420 1969 ode
452 1909 738 1984 secunda,
787 1920 1152 1973 enarratores
1190 1910 1527 1993 intelligunt
1561 1912 1751 1972 bonos
1781 1924 1842 1973 et
1868 1923 2130 1984 sanctos,
2175 1910 2496 1991 pulcherri-

307 2024 456 2078 mos,
498 2005 829 2086 elegantes,
875 2017 937 2068 et
985 2008 1286 2080 amabiles,
1328 2018 1397 2069 ut
1423 2008 1584 2089 apud
1611 2008 1820 2089 Virgil.
1850 2010 1998 2070 libro
2024 2023 2234 2069 octavo
2263 2005 2494 2066 AEneid.

310 2109 325 2137 ‘
346 2105 548 2165 Aurea
573 2105 835 2165 saecula!
918 2105 996 2165 Et
1021 2124 1223 2166 rursus
1252 2106 1408 2188 apud
1437 2107 1693 2168 eundem
1719 2106 1870 2169 libro
1900 2128 1967 2170 x.
1995 2116 2010 2142 ‘
2029 2108 2227 2167 Aurea
2252 2104 2499 2164 Verium?

312 2198 434 2260 Erit
464 2202 645 2279 igitur
672 2202 940 2284 Chrysis,
969 2222 1167 2277 aurea,
1196 2203 1459 2284 elegans,
1488 2203 1780 2264 amabilis.

390 2297 580 2372 Simo,
626 2299 922 2380 Pamphili
964 2309 1151 2379 pater,
1196 2299 1377 2361 senex
1402 2320 1554 2362 naso
1581 2301 1730 2361 simo
1758 2307 1819 2360 et
1843 2318 2070 2384 presse,
2103 2319 2140 2358 a
2167 2298 2364 2379 speeie
2391 2317 2498 2357 no-

311 2415 444 2457 men
470 2397 673 2470 habet,
700 2397 863 2477 quod
886 2397 1017 2458 simi
1044 2409 1184 2460 sunt
1211 2396 1477 2458 iracundi
1506 2408 1566 2458 et
1592 2396 1810 2458 biliosi.

391 2493 761 2573 Pamphilus,
792 2494 1166 2565 adolescens,
1196 2514 1234 2554 a
1259 2493 1419 2554 fideli
1447 2513 1665 2555 amore.
1747 2493 1934 2553 Totus
1967 2511 2194 2565 amane,
2232 2491 2325 2552 vel
2354 2490 2498 2551 Om-

313 2590 485 2652 nibus
516 2592 763 2653 amicus.
844 2592 993 2666 Πᾶς,
1019 2602 1204 2666 totuS,
1234 2592 1422 2652 omnis
1447 2611 1462 2652 ε
1504 2597 1687 2673 φίλος,
1717 2591 1960 2651 amicus,

389 2688 620 2763 Davus,
650 2710 877 2764 servus,
906 2709 944 2750 a
968 2690 1199 2771 patria:
1244 2700 1312 2750 ut
1336 2689 1516 2768 paulo
1546 2699 1683 2752 aute
1711 2709 1786 2749 ex
1816 2690 2126 2747 Strabone.

394 2785 644 2860 Dromo,
672 2805 897 2859 servus,
925 2805 962 2844 a
989 2805 1187 2845 cursu.
1257 2784 1487 2864 Δρόμοε,
1515 2803 1761 2844 cursus:
1793 2783 2072 2863 δρομαῖος,
2101 2781 2293 2841 velox.
2363 2780 2498 2842 Ser·

318 2900 516 2941 vorum
545 2887 660 2955 est,
690 2882 964 2943 velociter
988 2901 1241 2955 currere,
1271 2901 1389 2961 quo
1411 2880 1699 2960 jusserint
1726 2879 1969 2939 domini.

391 2976 588 3049 Sosia,
615 2976 883 3051 libertus,
929 2977 1102 3045 Quod
1134 2978 1213 3040 sit
1249 2977 1310 3036 in
1334 2977 1493 3038 bello
1522 2986 1808 3038 servatus.
1892 2974 2067 3035 Unde
2096 2984 2158 3035 et
2182 2972 2365 3035 servis
2394 2994 2501 3035 no-

315 3094 446 3134 men
475 3073 750 3133 inditum.
832 3075 1026 3147 Σώὲω,
1057 3093 1246 3135 servo,

393 3170 712 3242 CharinuS,
742 3170 1112 3233 adoleseens.
1196 3172 1289 3234 Ab
1319 3171 1497 3231 animi
1522 3170 1957 3234 benevolentia.
2035 3167 2383 3249 Χαρίὲομαι,
2410 3167 2497 3227 fa-

316 3267 404 3328 cio
434 3284 627 3348 grata,
656 3269 973 3349 obsequor,
1001 3280 1063 3329 et
1088 3267 1434 3329 beneficium
1467 3268 1835 3348 gratiamque
1860 3267 2120 3328 conferO.

393 3363 665 3445 Byrrhia,
714 3385 935 3426 servus.
1020 3367 1069 3424 A
1124 3368 1334 3446 patria,
1382 3367 1576 3445 inquit
1625 3365 1920 3426 Donatus,
2005 3366 2157 3424 Sunt
2183 3361 2284 3441 qui
2312 3358 2501 3440 Phry-

316 3462 473 3541 giam
498 3462 591 3521 his
622 3463 843 3523 Donati
871 3464 1061 3524 verbis
1088 3473 1297 3545 putent
1342 3463 1527 3523 innui.
1608 3462 1904 3544 Didymus
1951 3471 2109 3521 certe
2149 3457 2503 3520 existimavit

312 3557 701 3640 Aphroditem
730 3559 1060 3640 nuncupari
1088 3565 1240 3639 παρὰ
1264 3561 1327 3622 τὸ
1353 3559 1540 3639 ἁβρὸν
1566 3569 1659 3630 τῆς
1687 3557 1918 3632 διαίτης,
1947 3557 2062 3620 hoc
2090 3569 2199 3629 est,
2230 3575 2265 3616 a
2309 3555 2500 3616 molli-

309 3654 389 3714 tie
412 3655 579 3716 vitae.
663 3656 730 3716 B
756 3655 910 3718 enirn
939 3667 1196 3737 cognata
1221 3656 1451 3716 videtur
1477 3654 1664 3716 literae
1691 3667 1771 3736 φτ
1813 3672 1954 3713 nam
1991 3652 2345 3731 Philippum,
2396 3650 2503 3712 ali-

311 3752 413 3830 qui
457 3753 1116 3833 Bc'luwov-appellant:
1162 3755 1316 3815 sicut
1359 3754 1655 3833 Phrygas,
1702 3752 1952 3832 Brygas.
2035 3750 2258 3809 Auctor
2283 3747 2503 3811 Caelius

310 3847 414 3909 lib.
447 3869 656 3910 xxrx.
683 3870 818 3930 cap.
852 3854 944 3916 18.
1004 3852 1168 3912 idem
1194 3869 1431 3931 quoque
1457 3848 1640 3909 tradit
1664 3847 1845 3917 Lilius
1871 3846 1974 3920 liu,
2008 3863 2168 3906 xtu.
2231 3844 2286 3904 A
2316 3842 2502 3923 Phry-

312 3945 411 4021 'gia
435 3944 618 4025 igitur
645 3966 752 4007 seu
784 3947 1001 4029 Brygia
1030 3967 1244 4009 nomen
1274 3954 1435 4007 esset
1474 3942 1738 4025 Byrrhiae
1765 3962 1780 4001 ε
1823 3941 2006 4020 idque
2054 3959 2155 4020 per
2202 3936 2503 4004 literarum

311 4043 688 4103 metathesin.
759 4045 945 4106 Porro
972 4045 1242 4126 Phryges
1269 4043 1506 4124 ingenio
1535 4042 1721 4103 fuisse
1749 4037 1963 4110 servili,
1994 4036 2292 4115 vulgatum
2320 4044 2504 4102 testa·

315 4144 407 4196 tur
452 4138 734 4220 adagium
759 4161 776 4201 t
821 4142 1019 4223 Phryx
1066 4143 1258 4224 plagis
1307 4140 1671 4204 emendatur.
1752 4135 1983 4198 Plinius
2021 4134 2125 4198 lib.
2154 4154 2211 4193 v.
2238 4152 2370 4213 cap.
2401 4131 2500 4190 29.

318 4230 601 4313 Pyrrham
629 4239 834 4300 urbem
858 4239 1008 4302 facit
1029 4240 1245 4302 Cariae.
1328 4240 1728 4311 Quintilianus
1763 4235 1846 4296 lib
1877 4254 1928 4295 1.
1978 4232 2156 4296 docet
2181 4232 2247 4296 B
2270 4230 2501 4294 literam
