3050 4942
1222 426 1638 475 PRAEFA‘rno.
1846 392 1856 399 ’
2432 412 2516 478 19

327 573 662 638 notabam.
738 571 920 636 Nam
947 578 1160 655 neque
1184 571 1418 653 nuperi
1449 544 1602 654 eJus‘
1616 568 1908 635 editores
1935 571 2020 637 οι.
2047 570 2437 637 schmieder
2455 593 2518 637 a.

327 675 522 743 1794.
548 679 622 740 et
653 674 741 740 cl.
792 673 1008 739 Bothe
1037 673 1230 738 1806.
1273 691 1495 756 neque
1548 671 1689 750 alii,
1748 674 1868 757 qui
1912 682 2069 737 ante
2122 675 2289 740 istos
2333 676 2517 741 viros

327 776 758 842 doctissimos
787 778 874 842 de
917 775 1227 842 Terentio
1254 775 1518 840 edendo
1565 781 1632 841 et
1677 775 2074 841 illustrando
2102 778 2270 842 bene
2299 778 2520 844 meriti

330 885 509 957 sunt,
534 880 842 944 codicem
871 879 1247 944 laudarunt.
1335 877 1622 942 Bothius
1651 897 1773 942 sex
1804 878 2077 944 codices
2100 883 2519 964 manuscrip-

328 991 463 1060 toS,
494 1001 732 1065 nempe
789 989 925 1047 tres
982 980 1477 1059 Betolinenses,
1531 980 1700 1045 duos
1750 979 2404 1066 GuelpherbytanoS,
2454 992 2524 1047 et

328 1105 536 1149 unum
570 1084 1186 1150 Helmstadiensem
1209 1083 1297 1149 ad
1317 1083 1775 1149 adornandam
1801 1082 2161 1148 editionem
2189 1103 2379 1148 suam
2405 1084 2523 1149 ad-

328 1187 570 1252 hibuit.
662 1186 822 1252 Non
853 1188 1055 1252 credo
1089 1187 1460 1253 Halensem
1490 1185 1838 1271 despectui
1871 1184 1938 1249 ei
1965 1185 2259 1250 futurum
2288 1186 2525 1265 fuisse,

331 1291 392 1354 si
419 1291 501 1355 de
530 1308 614 1352 eo
646 1287 902 1372 aliquid
929 1288 1132 1354 fando
1162 1289 1555 1354 audivisset.
1644 1288 1892 1353 Extare
1944 1287 2252 1352 codicem
2277 1287 2528 1354 Teren-

332 1391 414 1455 tii
448 1391 655 1456 Halae
685 1390 756 1453 in
785 1390 1221 1476 bibliotheca,
1253 1412 1404 1477 quae
1428 1398 1537 1455 e'st
1579 1391 1889 1456 ecclesiae
1940 1390 2011 1455 S.
2044 1390 2309 1471 Mariae,
2357 1391 2529 1456 indi-

332 1501 564 1559 carant
594 1493 905 1558 Stiebritz
932 1494 1005 1558 in
1035 1493 1347 1578 Epitome
1380 1494 1881 1587 Descriptionis
1913 1493 2167 1560 Cia-culi
2221 1494 2453 1560 Salani
2485 1515 2532 1561 a

333 1595 805 1681 Dreyhauptio
856 1598 1262 1680 conscriptae
1313 1596 1398 1663 T.
1428 1615 1515 1664 11.
1564 1619 1631 1681 p.
1659 1597 1815 1665 293.
1860 1617 2244 1684 quanquam
2290 1604 2532 1681 praeter

334 1700 650 1773 notitiam
682 1703 915 1763 extare
958 1698 1053 1768 ibi
1098 1699 1393 1763 Terentii
1453 1700 1759 1764 codicem
1789 1701 2366 1767 membranaceum
2393 1702 2531 1765 4to.

329 1801 499 1865 nihil
526 1802 772 1879 attulit,
799 1806 863 1866 et
885 1810 1122 1866 censor
1147 1801 1461 1865 editionis
1478 1800 2031 1867 Schmiederianae
2061 1802 2134 1869 in
2152 1800 2535 1884 Ephemeri-

333 1904 536 1968 dibus
568 1905 912 1970 Literariis
938 1903 1335 1982 Catholicis,
1366 1901 1794 1989 (Allgemine
1827 1902 2095 1967 Literat.
2122 1902 2390 1989 Zeitung
2407 1901 2528 1971 Νο.

335 2008 492 2073 327.
519 2006 682 2073 Vol.
715 2025 817 2072 ιν.
869 2029 938 2091 p.
966 2004 1109 2091 37.)
1152 2009 1268 2091 qui
1315 2013 1592 2073 annotat
1636 2015 2037 2091 apparatu-m
2090 2008 2393 2072 criticum
2446 2008 2534 2071 ab

336 2110 599 2175 editore
628 2111 1003 2193 neglectum
1028 2128 1201 2186 esse,
1228 2128 1613 2194 quanquam
1644 2109 1845 2174 Halae
1875 2109 2097 2173 codex
2128 2108 2263 2173 Ms.
2285 2107 2537 2173 Teren-

339 2213 420 2275 tii
446 2214 826 2297 reperiatur.
916 2213 1112 2276 Binis
1142 2211 1249 2276 his
1290 2213 1585 2277 testibus
1616 2214 1924 2298 exceptis
1969 2213 2193 2277 nullus
2237 2212 2397 2276 mihi
2438 2211 2538 2276 in·

339 2316 583 2393 notuit,
614 2316 734 2400 qui
765 2314 1070 2380 codicem
1100 2313 1426 2381 laudavit.

430 2417 842 2501 Priusquam
871 2419 1253 2498 consilium,
1279 2420 1459 2503 quod
1489 2421 1561 2485 in
1601 2419 1734 2485 hoc
1762 2439 1964 2503 opere
1992 2417 2136 2496 inii,
2153 2409 2538 2483 accuratius

341 2520 659 2598 indicem,
691 2521 943 2586 codicis
970 2521 1349 2601 historiam,
1375 2523 1693 2602 indolem,
1720 2523 2215 2606 antiquitatem,
2268 2528 2340 2585 et
2371 2538 2541 2603 prae-

343 2624 655 2688 stantiam
698 2623 1101 2688 describam.
1212 2624 1371 2690 Fuit
1421 2625 1694 2709 quidem
1735 2624 1980 2701 codex,
2026 2632 2106 2689 ut
2159 2643 2249 2687 ex
2298 2622 2543 2687 notitia

342 2724 630 2811 praefixa
661 2733 923 2790 certum
949 2729 1077 2804 est,
1126 2726 1286 2791 olim
1332 2727 1677 2809 peculium
1740 2725 2023 2789 Henrici
2081 2723 2542 2805 Ellenbergeri,

343 2829 685 2911 utriusque
716 2826 1087 2893 Medicinae
1112 2827 1462 2908 Ductor-is,
1503 2834 1575 2891 et
1606 2824 1948 2893 Archiatri
1976 2824 2314 2909 quondam
2358 2843 2544 2888 reve-

345 2929 739 2995 rendissimi
793 2950 876 2996 ac
923 2932 1331 2997 serenissim-i
1378 2931 1713 3016 principis
1766 2928 2126 2996 Christiani
2172 2926 2545 3005 Wilhelmi,

347 3029 872 3115 Archiepiscopi
914 3032 1451 3117 Magdeburgici,
1505 3035 1625 3119 qui
1669 3031 2037 3098 secundum
2091 3031 2543 3096 Stiebritzium

347 3132 392 3195 l.
410 3153 471 3198 c.
488 3133 575 3198 Τ.
596 3151 646 3196 1.
666 3154 735 3218 p.
749 3134 901 3198 195.
917 3140 988 3199 et
1007 3134 1161 3202 259.
1179 3137 1269 3203 ad
1286 3137 1688 3218 dignitatem
1707 3135 2331 3218 archiepiscopatus
2349 3153 2543 3198 evec-

350 3239 459 3299 tus
489 3240 599 3301 est
626 3255 690 3299 a.
720 3236 913 3302 1609.
943 3245 1250 3303 mortuus
1280 3258 1344 3304 a.
1382 3239 1576 3305 1665.
1665 3239 1775 3303 Ex
1825 3235 2271 3318 Ellenhergeri
2313 3254 2546 3317 nempe

350 3339 464 3402 avi
495 3338 607 3402 sui
633 3339 917 3403 materni
959 3338 1378 3406 bibliotheca
1419 3342 1726 3408 codicem
1754 3340 1885 3404 sibi
1914 3335 2329 3422 comparavit
2352 3342 2418 3400 et
2444 3337 2547 3408 bi·-

352 3440 705 3506 bliothecae
732 3442 977 3524 patriae
1009 3443 1235 3508 inferri
1257 3445 1525 3510 curavit
1549 3434 1873 3508 Melchior
1898 3440 2142 3520 Redel‚
2162 3439 2401 3504 consul
2428 3458 2548 3521 pa-

351 3543 521 3621 triae,
551 3544 684 3609 hoc
713 3565 982 3611 munere
1010 3546 1288 3611 functus
1317 3566 1383 3612 a.
1413 3546 1847 3613 1667...1690.
1875 3551 1953 3609 et
1977 3549 2279 3609 mortuus
2311 3541 2507 3608 1691.

438 3644 762 3713 Continet
788 3647 1009 3713 codex
1040 3649 1337 3732 scriptus
1384 3649 1455 3713 in
1497 3649 1882 3712 membrana
1912 3647 2083 3710 satis
2111 3664 2368 3722 crassa,
2414 3644 2550 3707 for-a

357 3766 494 3821 ma,
528 3767 731 3830 quam
764 3757 1033 3830 vocant,
1077 3754 1099 3785 ‘
1121 3750 1287 3814 folio
1331 3749 1617 3827 minori‚'
1651 3750 1719 3813 in
1766 3747 2234 3831 quaterniones
2272 3746 2550 3836 compli-

354 3853 531 3924 cata,
556 3847 847 3915 Terentii
877 3849 1266 3916 Comoedias
1290 3870 1442 3930 seit,
1459 3851 1648 3915 nullo
1674 3868 1985 3915 versuum
2011 3848 2378 3920 interstitio
2403 3850 2551 3917 sive

345 3949 593 4033 junctis
615 3952 941 4032 versibus,
995 3959 1239 4037 praeter
1269 3960 1725 4037 argument-um
1751 3959 1822 4018 et
1850 3952 2197 4038 prologum
2245 3949 2548 4017 Andriae»

358 4052 706 4135 prologum
757 4052 1087 4134 Eunuchi,
1130 4063 1342 4140 atque
1402 4055 1776 4120 Heautont.
1833 4040 1987 4121 Act.
2023 4071 2103 4119 n.
2155 4056 2270 4120 Sc.
2301 4055 2368 4117 4.
2409 4074 2549 4120 VSS.

357 4155 591 4219 1-14,
618 4176 778 4240 quae
808 4156 1036 4222 omnia
1061 4159 1372 4224 versibus
1402 4158 1624 4225 divisa
1648 4164 1824 4224 sunt.
1914 4159 2252 4231 Lacunam
2280 4156 2547 4223 unicam

360 4257 430 4325 in
461 4257 780 4329 Eunucho
821 4257 1082 4329 videsis
1134 4252 1288 4348 pag.
1317 4261 1694 4328 224—232.
1725 4262 1931 4348 hujus
1971 4280 2168 4329 novae
2220 4257 2548 4327 editionis-
