3050 4942
752 807 2485 933 PUB.TERENT[I

1185 1099 2076 1193 ΑΝΒΒΙΑτ

536 1367 716 1418 ACTA
769 1368 967 1419 LUDIS
1019 1369 1562 1430 MEGALENSIBUS,
1581 1374 1596 1403 ¹
1656 1370 1733 1422 M.
1783 1368 2029 1419 FULVIO
2079 1365 2161 1415 ET
2205 1365 2298 1414 M.
2328 1359 2724 1414 GLABRIONE

598 1465 940 1517 AEDILIBUS
956 1468 983 1496 ²
1026 1467 1427 1520 CURULIBUS.
1489 1468 1811 1519 EGERUNT
1852 1469 1909 1517 L.
1939 1463 2280 1517 AMBIVIUS
2321 1457 2598 1518 TURPIO,
2645 1458 2725 1507 m*

601 1564 661 1614 L.
707 1564 1012 1615 ATTILIUS
1056 1566 1559 1618 PRAENESTINUS.
1622 1565 1861 1615 MODOS
1907 1563 2099 1615 FECIT
2144 1556 2471 1612 FLACCUS³
2525 1555 2728 1608 CLAU-

604 1660 752 1710 D11⁴
799 1662 1032 1722 FILIUS,
1083 1664 1287 1716 TIBIIS
1340 1663 1686 1726 PARIBUS,⁵
1739 1663 2028 1714 DEXTRIS
2073 1662 2156 1711 ET
2207 1653 2583 1710 SINISTRIS.⁶
2645 1653 2727 1702 ET

602 1756 718 1807 EST
745 1759 921 1809 TOTA
955 1760 1226 1812 GRAECA.
1243 1763 1266 1797 ⁷

606 1855 776 1909 COSS.
796 1857 843 1886 ⁸0

608 2039 631 2084 †
682 2031 852 2082 Publii
914 2033 1129 2083 Terentii
1188 2033 1598 2097 Carthaginiensis

542 2110 661 2170 Afri
692 2111 893 2161 Andria.
939 2111 1028 2161 Sic
1061 2113 1192 2162 banc
1228 2112 1476 2162 Fabulam
1512 2127 1598 2162 co·

544 2191 696 2234 ronat
730 2185 1162 2250 Lindenbrogius,
1205 2193 1259 2237 et
1300 2188 1375 2237 sic
1418 2195 1595 2238 notat:

545 2260 563 2286 ‘
587 2260 710 2310 Pub.
732 2261 943 2311 Terentii
977 2260 1410 2325 Carthaginiensis]
1436 2262 1601 2312 Asse·

546 2350 665 2385 rere
710 2337 846 2388 hunc
894 2338 1101 2389 titulum
1148 2338 1395 2388 Terentio
1442 2338 1601 2401 volui,

545 2424 701 2476 quem
738 2412 792 2461 in
826 2414 1082 2463 nonnullis
1118 2413 1497 2477 exemplaribus
1525 2413 1602 2464 ita

542 2494 853 2553 conceptum
874 2490 1066 2554 reperi.
1131 2490 1322 2555 Itaque
1353 2490 1427 2539 sic
1448 2503 1600 2540 voca-

546 2569 635 2612 tur
677 2577 709 2613 a
749 2565 978 2627 Donato,
1025 2567 1081 2615 e't
1123 2580 1155 2616 a
1197 2565 1601 2631 quibuscumque

545 2638 659 2690 nliis
700 2640 877 2691 Vitam
915 2643 1050 2694 illius
1092 2643 1406 2709 descriptum
1447 2644 1602 2694 habe·

547 2729 678 2766 mus.
744 2716 866 2767 Fuit
900 2718 1030 2767 alius
1048 2719 1323 2769 Terentius
1354 2719 1504 2784 Libo,
1534 2720 1602 2769 de

547 2807 649 2857 quo
683 2793 734 2843 iu
768 2795 1184 2859 Prolegomenis:
1219 2798 1366 2862 cujus
1400 2795 1601 2847 fortean

545 2866 840 2933 fragmenta
869 2879 1008 2934 sunt,
1028 2872 1166 2937 apud
1200 2873 1353 2924 Vsrr.
1386 2872 1452 2922 de
1473 2874 1601 2924 1..L.

548 2944 641 2996 lib.
668 2960 725 2998 v.
787 2948 804 2975 ‘
828 2947 1035 2998 Gaudia
1056 2963 1149 2999 sua
1168 2950 1211 3000 si
1240 2965 1416 3001 omnes
1442 2951 1603 3001 homi·

548 3035 644 3071 nes
668 3021 938 3073 conferent
959 3040 1111 3074 uuum
1135 3026 1185 3074 in
1211 3027 1398 3088 locum,
1428 3032 1603 3075 tamen

547 3112 666 3148 mea
695 3107 974 3164 exsuperet
996 3101 1220 3151 laetitia!
1273 3103 1342 3152 Et
1377 3102 1604 3153 Gellium

552 3174 713 3225 Noct.
732 3175 900 3226 Attic.
922 3175 1013 3225 lib.
1036 3189 1201 3227 xvnr.
1235 3192 1283 3229 c.
1314 3182 1392 3229 11.
1438 3182 1455 3207 ⁸
1480 3179 1603 3228 Pel·

548 3249 674 3300 lium
694 3248 809 3300 face
832 3258 891 3301 nt
911 3252 1224 3316 splendeat?
1253 3253 1328 3304 At
1346 3269 1467 3304 vero
1488 3269 1604 3304 ver-

549 3324 621 3374 bs
656 3326 746 3375 illa
781 3328 918 3391 apud
957 3329 1165 3379 Festum
1208 3331 1263 3380 in
1293 3331 1602 3381 Summussi:

553 3403 570 3429 ‘
596 3403 749 3455 Quod
775 3413 922 3467 potes
944 3405 1200 3469 sile,cela,
1222 3409 1444 3471 occulta,
1466 3414 1605 3473 tege,

552 3487 688 3544 tace,
718 3498 904 3547 mussa,
938 3485 1151 3535 maue2'
1184 3486 1353 3549 potius
1388 3487 1605 3550 Caecilii,

555 3573 709 3622 quarn
746 3560 980 3610 Terentii
1019 3574 1131 3610 esse
1167 3571 1312 3625 puto.
1348 3561 1443 3612 ‘Ex
1481 3563 1605 3612 Car-

554 3635 886 3698 thaginiensis
920 3651 1041 3686 vero
1064 3636 1213 3702 hujus
1235 3654 1344 3700 sex,
1378 3654 1495 3705 quae
1525 3653 1606 3689 re·

554 3712 709 3775 liquae
742 3720 884 3774 sunt,
916 3711 1123 3775 fabulis,
1161 3729 1279 3763 cum
1311 3715 1530 3779 primum
1553 3715 1605 3763 in

557 3802 763 3838 scenam
789 3789 1048 3853 producta
1079 3796 1218 3840 esset
1240 3789 1455 3853 Andria,
1488 3805 1606 3853 pro·

554 3866 796 3914 nuntiata
818 3864 915 3915 fuit
936 3868 951 3894 ‘
973 3865 1168 3916 Andria
1184 3866 1452 3930 Terentii,'
1477 3874 1538 3916 ut
1554 3871 1611 3915 et

556 3942 574 3970 ‘
601 3940 915 4005 Adelphoe:’
979 3943 1404 4008 quemadmodum
1452 3943 1611 3994 docet

560 4018 812 4068 Donatus.
865 4018 938 4068 At
957 4019 1007 4067 in
1027 4020 1236 4084 reliquis
1260 4020 1492 4071 omnibus
1519 4034 1610 4069 no·

560 4109 679 4146 men
742 4093 984 4144 Auctoris
1041 4097 1404 4161 praepositum:
1471 4097 1610 4161 quod

559 4169 695 4217 scire
731 4182 844 4231 nos,
874 4168 1154 4221 suffecerit.
1210 4171 1346 4221 Nam
1379 4174 1453 4222 ita
1474 4186 1610 4222 nunc

554 4258 767 4309 quoque
800 4244 884 4294 edi
923 4245 1135 4310 debere,
1168 4245 1331 4297 futilis
1363 4247 1498 4298 ratio
1532 4262 1610 4297 es-

1333 1762 1540 1811 EDITA
1569 1763 1648 1813 M.
1678 1758 2087 1813 MARCELLO⁸
2123 1758 2206 1807 ET
2236 1754 2386 1807 CN.⁹
2418 1748 2728 1802 SULPICIO

1677 2038 1790 2082 set:
1825 2045 1923 2083 nec
1941 2038 2067 2095 puto
2081 2042 2384 2095 quemquam
2403 2027 2535 2076 adeo
2553 2024 2728 2087 inepte

1678 2109 1995 2173 religiosum,
2013 2114 2073 2157 ut
2092 2109 2143 2156 in
2165 2106 2263 2156 hoc
2296 2118 2378 2155 me
2416 2116 2622 2154 errasse
2657 2100 2731 2149 di·

1678 2184 1798 2235 σοι’
1830 2185 1962 2235 Haec
1981 2185 2137 2234 habet
2145 2184 2326 2234 Editor
2340 2178 2729 2246 Delphiuenslsz

1745 2253 1957 2324 Δηώ-ἰὰ]
1990 2262 2121 2312 Haec
2145 2260 2408 2311 Comoedia
2430 2260 2600 2324 prims
2629 2258 2729 2307 Te-

1682 2338 1838 2388 rentii
1866 2339 2166 2388 nominatur
2197 2336 2415 2399 Andria,
2442 2335 2507 2386 ab
2530 2333 2731 2395 Andro,

1682 2415 1857 2467 Insula
1889 2416 2051 2466 Maris
2089 2414 2252 2479 AEgoei
2286 2410 2732 2481 (l'Arehipelugue)‚

1680 2490 1834 2543 hodie
1855 2492 2043 2544 Andro.

1746 2573 1774 2617 l
1807 2568 1963 2617 Ludis
1998 2565 2369 2632 Megalensibus]
2401 2564 2649 2617 Exhibita
2681 2566 2736 2616 iu

1679 2643 1815 2693 ludis
1851 2644 2098 2707 Scenicis,
2124 2643 2323 2709 Cybele
2355 2656 2556 2707 magnas
2591 2643 2734 2693 Deo·

1682 2736 1793 2771 rum
1814 2720 1978 2772 Matri
1998 2721 2173 2771 sacris.

1744 2801 1777 2847 2
1810 2798 1888 2848 M.
1924 2798 2152 2848 Fuleioet
2177 2797 2255 2847 M.
2282 2796 2537 2846 Glabrione
2558 2795 2734 2845 AEdiii·

1682 2874 1788 2937 bus]
1835 2874 2029 2924 AEdiles
2065 2879 2216 2924 erant
2247 2874 2591 2938 Magistratus
2633 2873 2733 2922 Ro·

1680 2965 1811 3011 mae3
1844 2963 1914 3000 ex
1947 2964 2010 3000 eo
2048 2950 2194 3013 dicti,
2218 2949 2355 3016 quod
2389 2949 2536 3000 aedes·
2563 2963 2737 2999 sacres

1684 3034 1739 3077 et
1780 3027 2002 3092 privatas
2045 3027 2330 3089 cus-abana
2375 3032 2435 3077 ut
2481 3041 2736 3078 annonam

1684 3117 1909 3168 quoque,
1943 3109 2001 3154 et
2030 3104 2179 3153 ludos
2209 3109 2266 3154 et
2284 3102 2583 3168 spectacula
2603 3103 2736 3166 pub-

1683 3178 1804 3241 lica,
1825 3193 1942 3243 quae
1973 3179 2168 3243 populo
2203 3177 2546 3229 exhibebunt:
2581 3191 2738 3241 prop·

1684 3261 1831 3306 terea
1850 3253 2422 3319 Fabulas,'1'ragoediss,
2457 3258 2513 3302 et
2536 3253 2738 3303 Comoe-

1686 3332 1846 3382 diasa
1867 3330 2050 3381 Poetis
2086 3329 2348 3390 emebant,
2383 3329 2570 3393 agique
2604 3343 2740 3379 man-

1685 3407 1895 3458 dabant.
1981 3406 2159 3456 Primo
2212 3405 2406 3455 AEdiles
2458 3418 2524 3453 ex
2579 3405 2739 3468 plebe

1685 3482 1848 3532 creati
1868 3489 2016 3532 sunt:
2050 3480 2241 3530 deinde
2262 3480 2366 3529 duo
2401 3494 2466 3529 ex
2490 3480 2739 3530 Patriciis

1685 3557 1770 3622 adj
1779 3557 1921 3608 uncti
1938 3574 1955 3620 ς
1990 3557 2076 3622 qui
2096 3557 2314 3608 Curuies
2328 3555 2578 3606 nominati
2599 3564 2739 3619 sunt,

1686 3633 1823 3698 quod
1856 3633 2060 3682 lionoris
2082 3646 2235 3682 causa
2256 3631 2308 3680 in
2344 3630 2555 3681 Curiam
2584 3645 2740 3682 curru

1688 3710 2027 3759 veherentur:
2076 3708 2129 3757 in
2181 3722 2284 3772 quo
2335 3707 2461 3756 sella
2508 3706 2740 3758 eburnea

1687 3794 1799 3834 erat
1825 3785 2083 3848 imposita,
2105 3785 2158 3833 in
2180 3798 2283 3846 qua
2305 3783 2652 3834 considerent.

1752 3864 1782 3909 8
1814 3861 1986 3910 Medos
2008 3859 2136 3921 secie
2163 3858 2385 3922 Flaccus]
2416 3858 2482 3908 Id
2515 3868 2616 3922 est,
2647 3875 2739 3910 nu·

1688 3952 1857 3987 meros
1902 3937 2187 4000 composuit
2243 3934 2593 3998 Canticorum,
2651 3939 2737 4001 qui

1688 4020 1807 4079 post
1828 4013 2052 4076 singulos
2073 4010 2238 4062 Actus
2268 4009 2606 4075 canebantur,
2634 4027 2738 4063 eos·

1685 4104 1788 4155 qne
1809 4089 2208 4151 distinguebant.

1750 4169 1783 4214 4
1799 4164 2041 4229 [Claudii]
2058 4163 2117 4212 In
2138 4164 2263 4211 Mss.
2280 4163 2539 4227 plerisque
2554 4164 2735 4215 Claudi.

1693 4245 1894 4297 Per-let.
1926 4243 2013 4293 Sic
2043 4242 2138 4293 dat
2156 4240 2310 4291 Both.
2335 4240 2445 4304 qui,
2467 4242 2483 4269 ⁴
2507 4242 2734 4291 Claudi!
