3050 4942
996 378 1264 429 vlo‘ron
1314 382 1411 430 ns.
1457 382 1841 432 commum.
2424 372 2512 437 59

292 519 734 598 -undecumque
764 520 873 581 sibi
921 523 1276 584 conveniens
1305 527 1689 604 ἆντεπίῤῥημα
1718 525 1871 586 solet
1896 526 2134 586 habere.
2217 527 2513 595 Quoniam

320 618 631 696 utrobique
654 618 776 677 fere
804 638 1035 700 semper
1061 621 1277 682 chorus
1304 643 1380 683 ex
1407 623 1616 683 iambis
1637 632 1973 685 tetrametra
1989 624 2285 685 sexdecim
2308 626 2517 687 modu-

318 713 559 788 laretur,
587 724 777 775 totum
805 716 920 778 hoc
949 718 1123 778 simul
1143 720 1371 802 χορικόν
1391 720 1743 802 appellatur,
1772 721 2011 802 quando
2035 722 2354 783 Comoediae
2384 743 2519 803 par·

317 820 435 871 tem
462 813 743 874 volumus
790 816 1128 897 assignare;
1192 827 1451 897 quatuor
1499 820 1654 878 enim
1696 829 1854 890 sunt,
1899 818 2177 880 videlicet
2222 824 2516 898 πρόλογος,

319 910 422 990 qui
450 910 532 971 ad
554 932 861 993 egressum
884 934 1074 994 usque
1104 915 1267 977 chori
1289 926 1637 996 prorogatur
1661 936 1677 977 ε
1706 915 1923 977 deinde
1944 919 2211 998 χορικὸνι
2254 931 2334 990 et,
2351 918 2515 997 quod

315 1009 706 1088 interponitur
751 1011 969 1086 choris,
1016 1013 1372 1077 ἐπεισόδιονε
1434 1025 1736 1094 postremo
1781 1013 1983 1088 ἔξοδος,
2029 1036 2163 1096 quae
2208 1016 2433 1078 scilicet
2478 1036 2517 1076 a

315 1106 499 1167 choro
529 1107 589 1166 in
617 1108 781 1169 calce
812 1110 1136 1170 Comoedioe
1163 1112 1595 1192 pronuntiatur,
1643 1123 1711 1172 ut
1741 1113 1955 1172 Pollux
2002 1112 2061 1171 in
2091 1123 2302 1193 quarto
2330 1115 2515 1196 scrip-

313 1214 441 1264 tum
484 1204 746 1285 reliquit.
831 1208 920 1267 Ea
963 1208 1140 1288 igitur
1182 1209 1524 1287 παράβασις,
1575 1221 1817 1271 auctore
1869 1212 2166 1271 Demetrio
2214 1210 2512 1282 Triclini0‚

315 1321 450 1381 quoe
477 1302 677 1363 nullas
705 1304 911 1365 harum
941 1316 1141 1386 partes
1170 1307 1409 1379 omittit,
1437 1308 1702 1388 perfecta
1737 1307 1887 1368 solet
1916 1308 2233 1388 appellari:
2276 1308 2511 1387 qualem

313 1401 743 1481 Aristophanes
767 1402 825 1462 in
858 1403 1171 1483 Equitibus
1205 1406 1429 1466 Fabula
1449 1406 1847 1466 concinnavit.
1931 1406 2151 1466 Verum
2176 1405 2509 1485 complures

313 1496 653 1576 imperfecte
681 1519 787 1580 pro
808 1501 1044 1561 arbitrio
1073 1505 1378 1582 poetarum
1406 1505 1781 1565 inseruntur:
1825 1503 1886 1564 id
1916 1502 2076 1583 quod
2114 1502 2271 1563 idem
2298 1503 2361 1561 in·
2390 1504 2512 1563 Ne-

312 1594 470 1654 bulis
494 1592 728 1657 Fabula
750 1597 888 1658 fecit
912 1617 927 1658 ε
956 1599 1056 1658 ubi
1087 1599 1277 1660 solum
1308 1602 1609 1683 ἐπίῤῥημα,
1638 1600 1797 1680 quod
1827 1610 1988 1660 esset
2015 1599 2169 1660 vitiis
2198 1600 2511 1679 carpendis

312 1688 846 1765 accommodatum,
871 1693 1125 1771 induxit,
1141 1716 1211 1757 ac
1238 1697 1298 1755 in
1321 1697 1507 1757 Ranis
1541 1707 1795 1776 quatuor
1822 1696 1921 1756 illa
1945 1706 2173 1756 tantum
2196 1696 2510 1776 conjuncte

311 1788 598 1869 reposuit.
671 1790 791 1851 Sed
820 1790 966 1852 illud
995 1803 1088 1853 est
1116 1794 1623 1855 animadversione
1650 1794 1917 1874 dignum,
1949 1790 2111 1873 quod
2139 1792 2422 1873 ἐπίῤῥημα
2450 1804 2511 1854 et

312 1890 520 1965 στροφὴ
545 1888 670 1947 sive
695 1893 888 1967 μέλος,
926 1892 1169 1970 quando
1216 1892 1441 1952 nullam
1469 1895 1950 1972 ἆντεπιῤῥὴματος
2000 1901 2103 1952 aut
2142 1894 2509 1972 ἀντιστρόφου

308 1983 659 2045 reditionem
688 1997 1025 2067 expectant,
1071 1988 1130 2047 in
1176 1989 1292 2050 fine
1336 2009 1568 2070 semper
1593 1989 1819 2059 habent
1849 1989 2244 2069 παριίγραφον,
2295 1997 2362 2047 ut
2388 2006 2508 2047 non

311 2101 444 2143 esse
471 2085 843 2164 κατάσχεσιν,
874 2084 935 2143 id
965 2095 1077 2160 est,
1121 2087 1372 2147 obnoxie
1410 2087 1607 2168 posita
1633 2085 1981 2148 videantur:
2025 2084 2509 2166 quandoquidem

310 2180 439 2240 hoec
468 2180 631 2240 linea
657 2192 991 2241 transversa
1017 2186 1381 2265 παράγραφος
1424 2183 1672 2259 scilicet,
1718 2184 1829 2244 tria
1872 2184 1994 2256 illa,
2045 2204 2181 2264 quae
2230 2182 2506 2256 diximus,

309 2275 460 2337 inter
483 2296 550 2336 se
575 2276 828 2338 discreta
854 2280 1139 2340 continuo
1177 2281 1418 2341 claudit.
1501 2282 1742 2355 Verum,
1792 2280 1844 2341 si
1887 2281 2145 2341 futuram
2192 2290 2509 2361 expectant

309 2372 678 2445 reditionem‚
730 2380 933 2457 στροφὴ
980 2387 1105 2437 tum
1133 2377 1266 2437 haec
1309 2379 1484 2452 linea,
1537 2398 1673 2439 cum
1720 2396 1839 2438 non·
1871 2396 2043 2439 secus
2088 2397 2158 2438 ac
2201 2378 2505 2460 ἐπ’ἰρῥημα,

310 2470 540 2531 duabus
571 2470 702 2530 aliis
731 2473 1094 2547 terminatur,
1122 2493 1370 2552 quarum
1400 2474 1739 2535 co‘euntiu'm
1770 2474 2025 2555 angulus
2049 2483 2255 2554 vergat
2294 2474 2503 2535 intror-

309 2586 475 2627 sum:
518 2579 727 2628 contra
762 2588 898 2629 vero
943 2573 1304 2653 ἀντίστροφος
1346 2572 1512 2633 lineis
1556 2572 1853 2633 clauditur
1896 2571 2072 2646 binis,
2119 2591 2368 2651 quarum
2403 2592 2505 2633 ex-

307 2673 560 2726 trorsum
591 2665 822 2746 utrique
859 2666 1060 2747 anguli
1088 2677 1355 2748 vergant,
1404 2669 1545 2728 hinc
1589 2669 1731 2729 inde
1775 2668 1954 2728 finale
1995 2668 2340 2741 membrum,
2374 2686 2505 2728 car-

302 2782 437 2822 men
468 2761 697 2823 scilicet
725 2764 990 2825 ultimum
1040 2765 1483 2846 amplectentes.
1566 2767 1787 2826 Verum
1809 2765 1815 2771 '
1835 2784 1912 2824 ex
1943 2763 2015 2823 iis
2061 2761 2354 2823 duntaxat
2381 2783 2502 2823 uno

306 2860 460 2920 solet
483 2863 876 2942 ἀντεπίῤῥημα
905 2862 1225 2925 concludi.-
1288 2864 1439 2932 Quae
1467 2863 1645 2943 plane
1691 2861 1884 2942 signa,
1936 2870 2113 2940 prout
2139 2859 2344 2939 anguli
2371 2879 2502 2921 sese

302 2956 546 3032 habent,
573 2958 668 3018 vel
694 2959 969 3032 futuram,
1018 2960 1112 3019 vel
1139 2961 1494 3039 praeteritam
1545 2959 1893 3020 reditionem
1936 2956 2286 3019 ostendunt.
2367 2958 2502 3019 Hoc

307 3053 647 3114 Demetrius
691 3055 792 3115 ille
837 3056 1148 3116 Triclinius
1199 3057 1459 3117 scribens
1508 3058 1569 3117 in
1623 3055 2080 3136 Aristophanem
2121 3055 2502 3136 excogitavit.

305 3149 726 3211 Verumtamen
771 3152 919 3213 inter
949 3164 1161 3214 cantus
1200 3157 1393 3234 poetae
1437 3172 1865 3235 nonnunquam
1914 3170 2202 3235 personas
2247 3152 2500 3214 educere

305 3248 521 3321 solent,
577 3266 824 3328 quarum
879 3251 1216 3313 dissertatio
1273 3254 1528 3328 σύστημα
1590 3259 1732 3313 κατὰ
1779 3256 2083 3332 περικοπὴν
2129 3249 2500 3330 appellaturi

302 3343 600 3404 interdum
634 3345 896 3407 versibus
937 3348 1176 3408 alternis
1205 3349 1633 3410 contendentes
1672 3350 1900 3430 aliquot
1932 3350 2237 3429 proferunt
2261 3347 2499 3407 histrio·-

303 3454 431 3512 nes‚
474 3441 568 3500 vel
613 3441 854 3502 chorum
895 3443 1070 3504 etiam
1115 3445 1567 3526 respondentem
1594 3466 1626 3506 ε.
1655 3445 1817 3525 quod
1850 3446 2238 3528 Hephaestion
2267 3442 2497 3505 videtur

301 3540 747 3619 ἀλλοιόστροφον
775 3539 1093 3620 appellare.
1178 3542 1396 3602 Verum
1435 3542 1548 3603 has
1574 3554 1635 3604 et
1663 3545 1809 3604 alias
1839 3544 2114 3604 consulto
2149 3540 2497 3622 praetermit-

301 3633 513 3694 tendas
544 3654 679 3695 esse
708 3638 952 3697 arbitror
978 3640 1365 3718 quaestiones,
1413 3661 1551 3720 quae
1595 3641 1746 3701 mira
1770 3643 2075 3721 poetarum
2103 3639 2340 3699 licentia
2362 3637 2492 3717 gig-

299 3742 559 3793 nuntur:
602 3744 841 3795 constat
867 3735 1022 3795 enim
1070 3735 1184 3797 illis
1233 3737 1401 3796 nihil·
1425 3757 1688 3818 unquam
1735 3756 1854 3797 non
1887 3735 2245 3797 audendum.
2328 3735 2496 3803 Quo-

297 3829 453 3889 circa
481 3830 674 3901 nobis,
705 3829 782 3891 de
807 3831 986 3894 choro
1013 3836 1263 3894 certiora
1289 3835 1672 3909 consecutis,
1714 3854 1820 3914 pro
1847 3832 2093 3894 materia
2119 3831 2263 3891 satis
2285 3831 2493 3891 'abun-

297 3927 488 4007 deque
518 3926 743 3987 dictum
774 3948 906 3989 esse
925 3930 1214 4005 videatur,
1236 3932 1534 4012 quomodo
1557 3931 1882 4010 praesertim
1911 3931 1968 3990 in
1989 3929 2163 3990 Nova
2182 3928 2494 3989 Comoedia

296 4023 511 4086 chorus
541 4025 770 4085 nullum
796 4026 1013 4088 habeat
1042 4029 1133 4089 vel
1158 4029 1374 4090 habere
1402 4028 1905 4109 potuerit-locum.
1975 4025 2276 4106 Siquidem
2304 4026 2492 4085 Athe-

295 4122 406 4193 nis,
432 4142 571 4181 cum
603 4123 803 4183 omnia
830 4126 1190 4203 potentiores
1220 4125 1296 4185 ad
1327 4126 1627 4187 arbitrium
1656 4145 1828 4186 suum
1857 4143 2134 4186 revocare
2154 4123 2489 4202 coepissent,

290 4217 437 4278 nulli
465 4220 721 4299 amplius
751 4224 1100 4284 creabantur
1129 4222 1394 4285 AEdiles':
1438 4223 1802 4309 perindeque
1828 4222 2116 4285 sumtibus
2137 4220 2216 4281 ad
2237 4218 2487 4281 alendos
