3050 4942
556 358 686 426 238
1223 372 1610 423 armanus
1658 374 2079 424 summos

558 520 730 579 Hanc
757 538 1000 581 coesurae
1029 519 1231 581 sedem
1255 518 1597 599 plerumque
1625 518 1685 578 in
1716 518 1987 580 trimetris
2018 526 2256 587 servant
2278 519 2471 597 poetae
2494 516 2736 579 comici:

553 625 619 675 ut
650 617 902 676 Noster:

872 741 963 803 Ne
992 741 1087 802 cui
1117 742 1195 803 sit
1222 753 1482 803 vestrum
1515 741 1528 822 Ι
1563 740 1793 816 mirum,
1822 762 1954 803 cum
1986 742 2182 822 partes
2205 745 2333 804 seni

870 838 1060 900 Poeta
1085 840 1316 901 dederit
1347 839 1357 921 Ι
1393 840 1546 920 quae
1575 849 1715 900 sunt
1742 838 2238 901 adolescentium:

869 935 940 994 Id
966 936 1217 1017 primum
1245 936 1437 997 dicam
1472 936 1482 1017 Ι
1518 935 1733 997 deinde
1762 938 1922 1017 quod
1954 936 2084 999 veni
2111 936 2351 1018 eloquar
2376 958 2391 996 ε

547 1075 608 1125 et
634 1064 833 1126 itidem
863 1064 1058 1124 Graeci
1079 1086 1094 1124 z

866 1177 944 1237 Οι
973 1179 1082 1256 γάρ
1107 1179 1418 1255 βλεποντεε
1452 1179 1464 1257 Ι
1499 1184 1609 1239 rot's
1636 1184 1857 1260 τυφλοιε
1885 1183 2191 1259 ηγούμεθα,
2252 1168 2271 1180 ’

869 1275 1047 1336 Ουτόε
1075 1276 1130 1336 δ’
1156 1282 1447 1337 ακολουθει
1480 1276 1493 1358 Ι
1528 1278 1668 1356 κάμε
1695 1276 2126 1355 προσβιάὲεται.

545 1409 614 1466 In
663 1407 925 1468 iambicis
969 1406 1402 1487 trochaicisque
1444 1407 1794 1467 tetrametris
1841 1426 2070 1467 caesura
2116 1405 2463 1485 plerumque
2498 1405 2566 1465 fit
2593 1413 2727 1485 post

541 1503 924 1564 ditrochaeum
953 1502 1276 1563 secundum
1302 1522 1318 1562 t

703 1630 993 1692 Demissis
1019 1631 1275 1693 humeris
1302 1629 1434 1693 esse
1458 1632 1657 1692 vincto
1689 1630 1703 1713 Ι
1736 1631 1975 1712 pectore
1999 1642 2067 1693 ut
2092 1630 2349 1712 gracilae
2372 1592 2544 1693 sient.

697 1728 888 1791 Video
912 1741 1144 1790 sentum
1174 1727 1509 1810 squalidum
1539 1748 1764 1808 aegrum
1798 1728 1811 1810 Ι
1845 1726 2059 1812 pannis
2089 1730 2376 1808 annisque
2406 1727 2685 1788 obsitum.

616 1858 771 1919 Illud
800 1868 994 1919 autem
1031 1858 1295 1940 inprimis
1335 1858 1658 1919 notandum
1685 1878 1702 1925 ς
1746 1877 1878 1917 cum
1909 1858 2104 1918 Graeci
2133 1857 2399 1937 magistri
2436 1876 2542 1935 per
2567 1855 2724 1915 διπο-

540 1955 671 2016 δίαν
697 1956 988 2016 trimetros
1016 1956 1242 2016 iambos
1272 1954 1557 2015 scandere
1599 1954 1898 2033 juberent,
1943 1974 2171 2033 semper
2217 1972 2319 2013 eos
2362 1951 2727 2012 intellexisse

540 2051 803 2114 διποδίαν
832 2053 1099 2134 ἔαμβικὴν
1117 2075 1135 2124 3
1178 2052 1328 2113 adeo
1354 2062 1422 2112 ut
1449 2051 1535 2113 sic
1564 2050 1921 2112 divideretur
1964 2070 2037 2111 ex
2078 2069 2281 2110 eorum
2328 2048 2555 2110 ratione
2597 2068 2726 2110 ver·

537 2149 756 2210 siculus
780 2170 795 2209 :

858 2239 951 2305 Ne
978 2244 1074 2305 cui
1105 2246 1180 2305 sit
1201 2266 1272 2306 ve
1307 2245 1319 2327 Ι
1355 2254 1540 2306 strum
1568 2243 1798 2318 mirum,
1824 2265 1929 2306 cur
1954 2243 2151 2327 partes
2180 2241 2307 2306 seni

855 2342 1045 2402 Poeta
1071 2342 1224 2404 dede
1259 2342 1270 2425 Ι
1306 2345 1381 2403 rit
1407 2336 1560 2422 quae
1588 2354 1727 2404 sunt
1754 2341 2217 2403 adolescentium
2242 2362 2259 2401 z

857 2439 928 2499 Id
954 2438 1201 2520 primum
1226 2439 1289 2498 di
1321 2440 1334 2522 Ι
1368 2459 1521 2512 cam,
1552 2438 1766 2499 deinde
1795 2439 1956 2518 quod
1976 2438 2108 2498 veni
2137 2436 2398 2515 eloquar.

857 2538 939 2597 Οι
968 2538 1076 2614 γάρ
1101 2535 1326 2613 βλεπον
1359 2540 1370 2618 Ι
1406 2560 1493 2597 τες
1518 2542 1629 2596 τοῖς
1655 2540 1875 2616 τυφλοις
1904 2536 2216 2612 ηγοῦμεθα,

854 2633 1036 2696 Ουτός
1058 2633 1108 2695 δ’
1136 2640 1340 2695 ακολου
1373 2635 1385 2717 Ι
1421 2640 1505 2695 flet
1534 2635 1677 2714 κάμε
1706 2632 2115 2711 προσβιάέεται
2138 2650 2153 2690 :

539 2766 635 2826 ubi
680 2763 846 2827 vides
889 2766 1136 2845 primam
1181 2765 1479 2847 dipodiam
1507 2763 1569 2824 in
1597 2764 1805 2824 mediis
1835 2765 2136 2825 verborum
2167 2759 2406 2842 syllabis
2434 2756 2719 2830 desinere,

533 2871 836 2942 totamque
866 2881 1110 2922 caesurae
1138 2863 1407 2922 virtutem
1437 2880 1506 2921 ac
1551 2860 1796 2939 gratiam
1841 2861 2048 2919 misere
2087 2858 2294 2937 perire.
2379 2856 2577 2924 Quare
2605 2874 2718 2934 ego

522 2958 650 3037 jam
678 2959 753 3018 ab
782 2959 911 3038 ipsa
938 2958 1340 3019 adolescentia
1364 2957 1426 3016 in
1455 2958 1726 3018 omnibus
1768 2955 2031 3017 iambicis
2075 2963 2288 3034 praeter
2317 2960 2717 3012 tetrametrum

533 3053 963 3124 catalecticum,
988 3053 1064 3113 de
1084 3073 1202 3132 quo
1229 3062 1437 3133 postea
1459 3053 1677 3126 dicam,
1706 3054 1878 3113 aliam
1905 3053 2043 3114 mihi
2072 3048 2401 3112 scansionis
2429 3049 2715 3108 rationem

530 3148 780 3223 institui,
820 3169 925 3229 per
951 3147 1209 3210 διποδίαν
1235 3151 1458 3213 scilicet
1484 3156 1799 3233 τροχαῖκὴν,
1828 3152 1942 3211 hoc
1970 3149 2190 3211 modo:

852 3277 940 3337 Po
976 3276 987 3361 Ι
1023 3275 1121 3338 eta
1148 3279 1374 3340 dederit
1409 3279 1419 3362 Ι
1455 3279 1609 3360 quae
1638 3291 1780 3341 sunt
1807 3278 2311 3340 adolescentium:

529 3404 717 3484 primo
762 3405 1057 3485 semipede
1103 3408 1275 3486 quasi
1321 3409 1614 3471 subducto
1643 3421 1704 3471 et
1730 3410 1952 3481 abciso,
1993 3429 2166 3470 versu
2196 3420 2390 3469 autem
2419 3408 2480 3470 in
2509 3408 2713 3489 dacty-

527 3502 650 3561 lum
693 3502 787 3561 vel
832 3501 1114 3562 creticum
1159 3515 1434 3566 exeunte.
1518 3506 1584 3565 Si
1629 3506 1870 3586 quidem
1915 3506 2033 3566 ista
2076 3505 2303 3565 διποδία
2339 3526 2413 3567 ex
2438 3506 2711 3565 trochaeis

530 3598 784 3682 duobus,
826 3598 917 3659 vel
958 3619 1077 3660 uno
1106 3610 1168 3660 et
1196 3599 1478 3681 spondaeo
1508 3602 1629 3662 sive
1658 3602 1891 3680 epitrito
1920 3602 2184 3662 secundo
2205 3610 2508 3673 constans,
2547 3622 2709 3662 com-

527 3695 790 3770 modare,
834 3696 1225 3770 commodavi,
1264 3708 1326 3758 et
1372 3719 1505 3760 cum
1552 3719 1794 3760 caesurae
1836 3697 2038 3758 indole
2064 3698 2378 3766 convenit;
2422 3709 2484 3757 et
2509 3717 2708 3758 verum

524 3791 739 3852 iambei
764 3792 1098 3871 rhythmum
1126 3795 1361 3860 auribus
1390 3798 1690 3865 insinuat;
1734 3806 1796 3858 et
1821 3798 2036 3876 poetae,
2079 3794 2218 3853 dum
2251 3814 2453 3854 versus
2481 3794 2592 3853 hos
2621 3794 2707 3854 fa·

525 3888 799 3960 bricatur‚
840 3890 1131 3969 praecipue
1159 3902 1417 3952 mentem
1463 3904 1753 3972 occupat:
1798 3901 1877 3964 et,
1921 3890 2085 3971 quod
2131 3891 2443 3950 maximum
2490 3900 2603 3965 est,
2644 3891 2704 3949 in

525 3984 685 4044 omni
727 3984 848 4043 fere
891 3986 1251 4047 comicorum
1293 3998 1609 4048 metrorum
1648 4000 1863 4068 genere
1892 3987 2278 4068 principatum
2305 3987 2532 4048 obtinet
2545 4009 2563 4055 3
2604 4008 2700 4047 ve·
2773 4041 2778 4046 .

526 4098 767 4158 ramque
795 4099 1056 4152 causam,
1097 4082 1296 4143 curin
1342 4103 1462 4144 una
1505 4084 1811 4147 Comoedia
1850 4094 1939 4146 tot
1979 4102 2253 4145 versuum
2280 4085 2509 4164 species
2536 4084 2700 4148 adhi-

523 4176 791 4250 beantur,
832 4180 957 4239 sola
985 4178 1364 4243 demonstrat.
