3050 4942
1225 378 1326 426 nr.
1376 377 1677 432 unt-ms.
2421 344 2575 440 127‘

357 534 493 574 sum
522 533 728 575 versus
754 518 1076 597 sequentis,
1117 539 1222 602 per
1249 521 1556 585 elisionem
1596 526 1928 588 annectitur
1967 528 2072 587 fini
2115 532 2544 610 praecedentis:

353 621 426 669 ut
452 612 514 670 in
542 611 799 692 Prologo
828 614 1138 677 Eunuchi:
1184 624 1201 652 ‘
1226 618 1343 686 Qui
1389 620 1538 679 bene
1577 622 1860 682 vertendo
1908 632 1968 682 et
2013 644 2115 684 eas
2158 626 2545 691 describendo

353 710 535 782 male,
578 730 652 770 ex
690 712 917 773 Graecis
958 713 1172 789 bonis:
1217 719 1331 776 ὅτε.
1416 717 1638 800 Durius
1682 729 1793 791 est,
1838 739 1970 780 cum
2001 720 2260 783 dissecta
2285 723 2544 789 dictione

349 805 514 885 prior
541 808 768 887 syllaba
794 809 925 869 finit
943 830 1197 885 versum,
1220 812 1461 891 reliquae
1489 813 1773 893 incipiunt
1797 827 2157 893 sequentem,
2178 828 2245 879 ut
2274 817 2546 884 Eunuchi

354 912 526 963 actus
548 905 705 964 tertii
720 925 900 966 scena
926 907 1147 986 prima:
1178 915 1194 943 ‘
1216 908 1515 969 Continuo
1539 911 1852 990 siquando
1878 912 1981 972 illa
2003 913 2179 987 dicet,
2206 915 2544 979 Phaedriam

351 998 813 1061 intromittamus
840 1014 1255 1078 comessatum,
1283 1016 1350 1065 tu
1377 1006 1787 1087 Pamphilam!
1828 1010 2117 1071 Elisiones
2147 1013 2283 1072 item
2314 1023 2376 1074 et
2403 1034 2546 1095 syn·

350 1113 632 1171 naereses,
658 1100 983 1177 praesertim
1010 1102 1201 1161 minus
1228 1101 1464 1162 usitatae
1488 1104 1649 1183 apud
1676 1106 2049 1179 recentioreS,
2077 1108 2304 1177 faciunt
2330 1119 2397 1169 ut
2423 1110 2543 1170 lec·-

350 1202 447 1252 tor
475 1194 791 1273 impeditus
820 1196 1156 1277 frequenter
1201 1198 1427 1259 haereat
1474 1198 1533 1257 in
1579 1201 1855 1262 carmine.
1940 1202 2193 1262 Eliditur
2241 1214 2437 1265 autem
2481 1206 2543 1266 in

351 1290 595 1351 comicis
610 1292 874 1354 versibus
899 1314 936 1354 v
963 1314 1322 1368 consonans,
1344 1306 1411 1356 ut
1436 1296 1497 1355 in
1531 1317 1577 1356 1.
1607 1316 1824 1358 scena:
1855 1304 1874 1333 ‘
1898 1298 2038 1358 Sine
2059 1298 2279 1359 invidia
2304 1300 2542 1361 laudem

350 1387 621 1448 invenias
650 1399 710 1449 et
735 1391 954 1452 amicos
982 1393 1196 1471 pares!
1265 1394 1495 1454 Rursus
1522 1394 1774 1455 ibidem:
1818 1402 1837 1429 ‘
1862 1395 2122 1457 Liberius
2151 1396 2386 1457 vivendi
2430 1397 2545 1457 fuit

351 1493 641 1563 potestas,
671 1481 807 1545 nam
827 1490 1044 1562 antea,'
1068 1494 1183 1550 &c.
1242 1490 1389 1549 Item
1418 1490 1478 1548 in
1509 1508 1692 1550 scena
1717 1490 1923 1551 tertia:
1953 1498 1970 1525 ‘
1992 1491 2322 1564 Enimvero,
2352 1489 2541 1566 Dave,

350 1581 501 1641 nihil
526 1582 641 1642 loci
670 1584 801 1655 est,'
828 1589 940 1646 διο.
1027 1586 1281 1647 Carmen
1327 1586 1485 1646 enim
1532 1586 1736 1666 incipit
1778 1589 1853 1647 ab
1892 1597 2212 1668 anapaestO.
2298 1590 2378 1648 Et
2403 1601 2540 1652 ante

350 1679 413 1737 in
446 1696 624 1737 scena
651 1679 877 1757 prima:
920 1688 938 1717 ‘
962 1683 1273 1742 Enimvero
1302 1690 1632 1761 spectatum
1662 1682 1848 1744 satis.'
1931 1683 2184 1743 Eliditur
2218 1694 2280 1743 et
2324 1703 2377 1757 s,
2414 1693 2540 1746 tuni

350 1775 411 1834 in
457 1775 592 1849 fine,
637 1786 761 1836 tum
814 1778 875 1835 in
923 1776 1119 1837 media
1173 1777 1449 1838 dictione.
1558 1778 1628 1836 In
1679 1778 1816 1850 fine,
1857 1788 1925 1838 ut
1967 1780 2026 1837 in
2077 1780 2264 1859 prima
2317 1793 2538 1843 scena:

351 1878 370 1905 ‘
393 1874 517 1933 Sed
547 1874 690 1953 quid
717 1893 866 1954 opus
893 1883 988 1933 est
1012 1873 1202 1933 verbis
1218 1872 1265 1931 ’.θ’
1325 1873 1445 1932 Sed
1484 1872 1630 1953 quid
1658 1874 1873 1952 opu'st.
1959 1874 2122 1935 Elisa
2149 1875 2323 1935 simul
2350 1886 2411 1936 et
2433 1897 2540 1938 vo-

353 1969 470 2029 cali
498 1990 553 2030 e.

436 2066 603 2127 Idem
629 2069 697 2127 fit
721 2068 780 2127 in
819 2074 836 2101 ‘
862 2067 1006 2127 satis
1026 2066 1064 2126 :’
1102 2072 1121 2101 ‘
1145 2068 1273 2127 Nec
1303 2066 1447 2126 satis
1478 2066 1662 2147 digna
1687 2067 1783 2127 cui
1812 2068 2182 2143 committas,'
2209 2071 2324 2128 ὅτε.
2387 2067 2539 2128 Rur-

350 2183 457 2223 sus
484 2163 546 2221 in
573 2163 831 2243 Prologo
857 2163 1099 2223 Andriae
1126 2164 1195 2223 fit
1220 2164 1280 2223 in
1309 2164 1503 2225 medio
1533 2164 1833 2225 dictionis:
1884 2170 1900 2198 ‘
1927 2165 1998 2224 Id
2025 2164 2123 2225 isti
2150 2165 2486 2244 vituperant
2501 2166 2539 2226 ι’

348 2259 600 2339 aliisque
646 2259 795 2320 locis
842 2261 1265 2339 compluribus,
1311 2281 1558 2342 quorum
1604 2261 1829 2343 aliquot
1855 2263 1914 2321 in
1941 2262 2205 2343 margine
2233 2261 2540 2322 annotavi-

346 2369 505 2417 mus.
589 2356 893 2416 Interdum
918 2356 1147 2417 elidunt
1181 2358 1223 2430 l,
1265 2367 1334 2418 ut
1358 2360 1416 2418 in
1443 2360 1633 2440 prima
1660 2379 1840 2419 scena
1868 2358 2130 2434 Andriae,
2172 2366 2191 2393 ‘
2213 2359 2331 2418 Pro
2358 2347 2540 2418 uxore

345 2452 567 2514 habere
592 2453 749 2513 hanc
774 2456 1161 2533 peregrinam,
1201 2473 1316 2534 ego
1364 2455 1512 2515 illud
1562 2456 1773 2515 sedulo
1796 2455 1833 2514 ε’
1873 2466 1940 2515 ut
1981 2461 1997 2488 ‘
2022 2455 2247 2534 grinam
2295 2473 2409 2534 ego
2457 2456 2500 2514 il
2524 2455 2540 2482 ²

343 2548 571 2609 faciant
598 2548 920 2630 dactylum.
1004 2550 1180 2609 Hanc
1225 2549 1556 2611 libertatem
1586 2552 1921 2631 frequenter
1946 2562 2194 2631 usurpat
2221 2551 2538 2626 Homerus,

345 2646 492 2706 dum
534 2667 564 2706 s
601 2645 767 2706 elidit
807 2647 869 2705 in
896 2646 1188 2721 Ὀδυσεῦς,
1233 2648 1362 2721 etl,
1391 2649 1451 2707 in
1483 2648 1776 2728 Ἀχιλεύς.
1860 2650 2277 2728 Saepenumero
2305 2656 2538 2707 contra·

338 2742 569 2802 huntur
588 2743 849 2816 vocales,
877 2743 1041 2803 velut
1070 2744 1131 2802 in
1158 2744 1273 2817 his,
1303 2751 1320 2778 ‘
1343 2744 1495 2817 fuit:
1531 2752 1547 2779 ‘
1574 2744 1778 2816 Deos,’
1806 2751 1822 2778 ‘
1844 2744 2012 2817 dies‚’
2043 2752 2062 2778 ‘
2083 2743 2289 2812 meus,'
2316 2748 2335 2777 ‘
2354 2744 2538 2815 snus,'

338 2846 358 2874 ‘
381 2838 585 2912 scias}
611 2845 628 2873 ⁸
651 2837 837 2911 nihil:
871 2845 888 2876 ‘
912 2840 1091 2913 mihi,'
1134 2850 1200 2899 ut
1229 2839 1348 2899 sint
1374 2838 1805 2921 monosyllaba.
1890 2839 2166 2898 Similiter
2210 2846 2226 2873 ‘
2252 2837 2346 2910 ei,'
2391 2843 2408 2870 ‘
2428 2837 2538 2896 hu·

329 2936 479 3016 jus,'
508 2934 751 3015 ‘cujus‚'
778 2935 1190 3017 monosyllaba·
1214 2946 1514 3015 ponuntur
1542 2935 1831 2996 subinde:
1875 2941 1893 2970 ‘
1912 2935 2157 3008 eorum‚’
2196 2942 2213 2969 ‘
2237 2933 2538 3008 meorum,’

338 3031 693 3112 dissyllaba.
774 3038 792 3067 ‘
814 3032 1074 3092 Liberius
1104 3032 1337 3093 vivendi
1366 3032 1478 3091 fuit
1503 3041 1770 3111 potestas
1790 3034 1827 3093 :'
1870 3041 1886 3068 ‘
1910 3032 1972 3091 di
2000 3033 2113 3091 fuit
2130 3032 2146 3056 '
2186 3030 2328 3091 facit
2356 3050 2536 3111 spon-

340 3127 565 3189 daeum.
648 3136 667 3163 ‘
693 3129 859 3190 Scias
886 3147 1063 3208 posse
1090 3130 1307 3190 habere
1329 3130 1450 3211 jam
1480 3129 1672 3209 ipsum
1696 3128 1863 3204 suae,'
1889 3134 2000 3189 διο.
2086 3135 2105 3164 ‘
2128 3128 2296 3187 Scias
2323 3119 2539 3207 posses'

339 3224 667 3306 'spondaeus
696 3235 825 3285 est:
868 3235 930 3285 et
976 3233 995 3262 ‘
1015 3243 1142 3288 suae
1162 3227 1177 3253 ’
1224 3227 1401 3287 unica
1440 3227 1670 3307 syllaba
1694 3236 1807 3287 est.
1891 3234 1910 3260 ‘
1934 3226 2136 3286 Meum
2165 3213 2411 3305 gnatum
2438 3241 2536 3286 ru.-

341 3339 471 3381 mor
498 3331 595 3382 est
640 3321 879 3383 amare!
957 3329 974 3357 ‘
999 3323 1204 3383 Meum
1248 3322 1405 3401 gna'
1447 3321 1766 3401 spondaeus
1812 3330 1925 3382 est.
2010 3321 2158 3380 Item
2204 3318 2538 3380 ‘antehac'

340 3411 732 3500 dissyllabum
783 3428 876 3479 est
900 3438 915 3478 :
961 3426 979 3454 ⁸
999 3419 1153 3479 Nam
1181 3417 1345 3498 quod
1375 3418 1625 3479 antehac
1655 3416 1834 3478 fecit?
1914 3418 2273 3495 Frequenter
2298 3414 2537 3475 eliditur

344 3514 384 3573 d
414 3516 476 3574 in
518 3522 537 3551 ⁶
562 3513 748 3594 quid,’
787 3525 849 3576 et
889 3526 907 3551 ⁸
931 3516 1038 3576 sed
1058 3516 1075 3542 '
1117 3531 1224 3595 pro
1249 3516 1460 3588 vocali,
1502 3524 1584 3588 et,
1627 3511 1780 3574 sicut
1823 3514 1885 3573 in
1927 3520 1946 3549 ‘
1966 3510 2325 3594 periculum'
2364 3510 2535 3572 elidi-

287 3659 292 3664 .
342 3629 472 3671 mus
521 3612 605 3684 u,‘
629 3610 786 3671 idem
834 3610 933 3671 hic
981 3612 1125 3671 facit
1167 3612 1228 3670 in
1292 3618 1310 3646 ‘
1333 3610 1640 3690 paululum
1658 3609 1674 3634 ’
1714 3620 1777 3669 et
1817 3617 1833 3644 ‘
1859 3606 2183 3670 annulum!
2263 3605 2423 3673 Quin
2475 3616 2537 3666 et

345 3699 592 3788 syllabae
641 3706 916 3786 quaedam
974 3707 1142 3767 aliter
1198 3705 1675 3787 pronuntiantur,
1735 3724 1913 3784 quam
1962 3704 2121 3783 apud
2176 3701 2533 3761 recentiores

344 3815 642 3886 usurpatas
689 3815 870 3873 sunt:
924 3805 1089 3864 velut
1136 3806 1197 3865 in
1239 3809 1256 3838 ‘
1285 3802 1543 3882 suspicio
1561 3802 1578 3827 ’
1620 3800 1885 3861 secunda
1931 3798 2313 3880 producitur:
2373 3794 2533 3857 unde

343 3901 563 3962 factum
613 3912 727 3975 est,
767 3911 837 3961 ut
876 3897 1118 3981 quidam
1158 3900 1364 3979 legant
1389 3899 1826 3977 suspectionem.
1912 3896 2170 3954 Rursum
2210 3892 2274 3951 in
2315 3898 2332 3926 ‘
2352 3892 2536 3966 cave,’

348 4004 364 4031 ‘
388 3997 563 4072 vale,’
611 4004 628 4032 ‘
647 3996 864 4071 mane,’
888 4007 950 4058 et
977 4004 994 4032 ‘
1014 3997 1117 4057 ubi
1135 3995 1151 4023 '
1177 3996 1369 4056 finalis
1398 3993 1730 4073 corripitur.
1812 3991 2057 4068 Minimo
2083 3998 2382 4049 momento
2407 4001 2535 4048 mua

348 4101 504 4154 tatur
535 4111 725 4174 genus
779 4094 1076 4165 carminis,
1117 4095 1279 4154 velut
1336 4093 1397 4151 in
1440 4101 1611 4151 actus
1651 4087 1845 4168 quarti
1892 4106 2074 4148 scena
2101 4105 2148 4146 1.
2235 4086 2299 4145 Si
2345 4084 2535 4163 legas,

287 4195 294 4204 '
351 4194 368 4220 ‘
392 4189 458 4247 In
486 4188 842 4267 denegando
869 4188 1048 4249 modo
1076 4189 1208 4269 quis
1237 4187 1429 4267 pudor
1473 4196 1568 4247 est
1602 4183 1947 4264 paululum,'
1986 4184 2243 4243 trimeter
2269 4191 2362 4243 est
2387 4182 2534 4241 iam-
