3050 4942
543 350 634 416 62
1378 366 1476 413 na
1518 363 1907 412 ΨΗΕΛΤΒΟ.

543 512 768 572 tinctae.
851 509 1084 591 Quippe
1115 509 1374 581 Servius,
1402 509 1728 569 Varronem
1766 516 2028 581 secutus,
2073 505 2225 567 duas
2253 506 2505 584 impares
2534 524 2739 566 caver·

543 628 655 669 nas
680 607 1090 689 hujuscemodi
1118 609 1269 667 tibiis
1315 606 1497 666 fuisse
1526 614 1798 678 testatur,
1827 624 1896 665 ac
1919 604 2208 667 foramina
2232 602 2501 664 totidem.
2568 602 2741 665 Unde

545 706 824 786 Virgilius
852 725 1053 766 earum
1078 705 1323 765 biforem
1355 713 1597 764 cantum
1643 702 1925 783 appellat,
1975 711 2285 782 propterea
2321 700 2487 780 quod
2526 720 2739 780 graves

542 814 604 864 et
650 814 855 863 acutas
905 802 1237 861 emitterent
1285 820 1389 879 pro
1437 799 1697 860 tibicinis
1744 798 1981 859 arbitrio
2026 798 2447 860 voculationes.
2515 798 2739 860 Alterae

545 910 685 960 sunt
712 902 1000 973 Serranae,
1031 899 1116 960 sic
1165 899 1460 977 (arbitror)
1502 896 1838 978 appellatae,
1888 896 2168 977 quoniam
2216 895 2289 956 iis
2333 895 2648 959 saltatores
2679 909 2744 957 et

542 997 799 1076 proferre
848 1006 908 1057 et
951 997 1164 1057 referre
1208 994 1422 1076 pedem
1470 994 1756 1056 continuo
1796 995 2168 1075 juberentur,
2192 1012 2314 1054 non
2341 1012 2516 1065 secus
2560 1003 2741 1072 atque

545 1107 827 1169 sectores,
857 1093 959 1172 qui
988 1113 1149 1153 serra
1177 1092 1394 1152 adacta
1420 1093 1621 1172 partiri
1649 1092 1814 1173 ligna
1841 1104 2149 1154 conantur.
2235 1089 2536 1170 Siquidem
2560 1090 2740 1150 Pom-

542 1192 709 1273 peius
750 1191 835 1250 ait
862 1210 1077 1250 serram
1107 1189 1167 1250 id
1197 1187 1462 1271 praelium
1493 1189 1611 1250 dici
1640 1209 1760 1271 quo
1786 1184 2118 1269 frequenter
2144 1188 2301 1257 acies
2348 1196 2409 1249 et
2458 1185 2742 1247 accedere

544 1297 606 1348 et
631 1287 907 1348 recedere
936 1287 1172 1350 soleret.
1258 1287 1372 1348 Hae
1404 1307 1637 1368 semper
1660 1297 1829 1348 erant
1858 1287 2133 1360 sinistroe,
2184 1304 2495 1367 paresque,
2538 1284 2598 1343 id
2627 1296 2742 1361 est,

545 1386 805 1465 aequales
833 1386 1138 1447 cavernis:
1196 1386 1560 1466 proindeque
1608 1406 1807 1466 parem
1836 1395 2211 1454 concentum,
2240 1391 2477 1442 acutum
2517 1381 2741 1442 scilicet

545 1482 907 1554 emittebant,
936 1481 1434 1562 quemadmodum
1472 1483 1711 1543 Servius
1757 1482 1920 1543 haud
1960 1480 2233 1562 perplexe
2278 1478 2561 1557 scriptum
2603 1475 2742 1537 reli-

544 1579 693 1659 quit.
775 1579 1196 1640 Verumtamen
1232 1579 1551 1639 Diomedes
1594 1578 1768 1639 tibias
1797 1598 1969 1658 pares
1999 1589 2060 1637 et
2091 1577 2340 1654 impares
2368 1572 2603 1633 videtur
2631 1593 2743 1632 nu-

542 1694 705 1737 mero
734 1676 1012 1737 definire:
1054 1677 1215 1756 quod
1242 1677 1521 1757 equidem
1567 1697 1687 1738 non
1715 1676 1888 1736 video
1916 1695 2021 1735 cur
2069 1673 2263 1755 possit
2290 1670 2557 1730 admitti:
2602 1688 2742 1728 nam

544 1793 651 1852 par
693 1783 755 1833 et
794 1774 980 1854 impar
1024 1774 1307 1854 qualitate
1352 1775 1471 1836 fere
1503 1793 1731 1854 semper
1761 1773 2043 1853 accipitur
2074 1791 2109 1832 a
2139 1768 2385 1831 Latinis.
2451 1765 2743 1845 Exemplo
2791 1825 2802 1835 ,

547 1871 625 1929 sit
649 1870 767 1931 hoc
795 1871 1193 1932 ovidianum:

1188 2018 1306 2078 Par
1333 2030 1457 2078 erat
1482 2017 1718 2079 inferior
1744 2038 1969 2080 versus,

548 2114 626 2175 Et
650 2113 794 2175 illud
821 2114 1203 2196 Virgilianum
1230 2136 1245 2175 ε

1190 2212 1533 2274 Formosum
1564 2215 1801 2295 paribus
1832 2213 2025 2279 nodis.

549 2310 639 2369 Ac
667 2307 850 2370 illud:

1185 2406 1379 2486 Impar
1405 2425 1761 2485 congressus
1791 2406 2030 2468 Achilli.

550 2551 673 2613 Sed
699 2570 817 2631 quo
844 2548 1084 2611 tandem
1115 2569 1246 2611 sum
1296 2551 1589 2613 incuriose
1634 2550 1985 2633 digressus?
2028 2554 2235 2633 Egone
2278 2563 2349 2613 ut
2387 2570 2606 2634 magna
2632 2572 2745 2614 no-

548 2651 707 2715 mina
733 2647 1118 2727 sugillarem‘?
1181 2648 1451 2723 Minime,
1497 2649 1549 2709 si
1577 2670 1773 2710 meum
1801 2649 1941 2710 mihi
1973 2649 2111 2710 vitae
2151 2650 2483 2710 institutum
2512 2670 2746 2730 perma-

548 2747 729 2806 nebit.
815 2745 1108 2813 Quocirca
1136 2766 1210 2806 ne
1240 2747 1412 2807 nobis
1449 2748 1672 2828 aliquid
1704 2746 2010 2827 Eupolidis
2036 2747 2357 2808 infortunio
2385 2747 2572 2809 simile
2599 2767 2747 2809 con-

548 2844 761 2923 tingat,
788 2844 1050 2922 perfecto
1068 2843 1193 2924 jam
1221 2845 1384 2923 operi
1405 2844 1839 2925 paragraphum
1867 2844 2055 2926 stylus
2084 2844 2361 2913 obducat.

553 3234 665 3297 DE
722 3235 1250 3308 FABULARUM,
1314 3235 1749 3309 LUDORUM,
1806 3234 2404 3308 THEATRORUM,
2447 3235 2746 3296 SCENA-

617 3332 820 3406 RUM,
861 3333 968 3403 AC
1012 3333 1555 3393 SCENICORUM
1600 3332 1969 3401 ANTIQUA
2008 3332 2676 3407 CONSUETUDINE,

1437 3431 1858 3499 LIBELLUS;

557 3556 656 3617 Ex
682 3557 921 3637 optimis
948 3559 1288 3619 auctoribus
1317 3558 1612 3632 collectus,
1640 3558 1723 3620 ad
1757 3560 2014 3621 Comicae
2024 3558 2279 3638 facilius
2306 3559 2748 3640 intelligendos,

743 3657 1051 3735 praecipne
1078 3658 1444 3735 conscriptus
1473 3657 1539 3715 in
1563 3658 1830 3737 gratiam
1860 3654 2155 3746 Studiorae
2179 3656 2542 3718 Juveututis.

555 3801 902 3868 Nouem„
946 3800 1399 3863 existimandum
1441 3812 1536 3866 est
1570 3805 1849 3885 cuiquam
1891 3804 2140 3884 posthac
2178 3805 2519 3868 familiarem
2564 3807 2748 3866 Plau-

553 3910 679 3960 tum
709 3907 813 3957 aut
851 3900 1188 3961 Terentium
1231 3901 1526 3972 futurum3
1590 3922 1909 3982 eorumque
1950 3902 2215 3965 intimum
2257 3904 2585 3977 artificium,
2616 3922 2751 3964 ora-

554 3993 734 4054 tionis
790 3994 1210 4070 characterem,
1270 4010 1449 4079 atque
1503 4007 1893 4073 venustatem,
1935 3999 2162 4080 aliaque
2217 3999 2280 4060 id
2323 4020 2525 4079 ‚genus
2576 4001 2752 4081 plura

557 4108 893 4171 quenquam
921 4092 1097 4171 plane
1147 4103 1571 4167 assecuturum,
1614 4094 1728 4154 nisi
1767 4095 2051 4157 comicam
2093 4115 2325 4156 omnem
2375 4096 2748 4177 dignitatem,

558 4205 798 4265 morem,
842 4200 906 4252 et
947 4189 1164 4270 agendi
1190 4193 1702 4267 consuetudinem,
1744 4213 1881 4273 quae
1927 4194 2001 4255 ab
2027 4194 2286 4273 antiquis
2317 4194 2376 4254 in
2408 4193 2648 4259 Fabulis
2678 4213 2749 4255 ac
