3050 4942
1106 382 1477 435 ‘rnannru
1520 383 1736 434 vrrs.
2366 415 2370 419 .
2432 372 2524 439 39

318 527 552 608 quidem
580 525 746 600 vicit,
787 535 850 589 et
895 526 1261 587 tributariam
1306 526 1469 600 fecit,
1510 547 1631 589 non
1672 526 1883 588 evertit
1924 535 2125 588 tamen
2153 528 2345 608 ipsam
2374 528 2523 590 Car-

315 625 657 705 thaginem;
703 623 813 685 sed
835 644 1024 706 nepos
1050 625 1180 702 ejus
1208 624 1550 705 adoptivus,
1577 625 1895 686 Africanus
1922 624 2131 687 minor.
2215 625 2524 688 Hanniba-

315 721 430 784 lem
474 732 770 802 praeterea
811 721 971 783 bello
1010 722 1171 796 vicit,
1214 721 1584 801 fugavitque,
1635 721 1745 784 sed
1790 740 2167 802 nequaquam
2210 721 2524 785 interfecit.

318 819 550 900 Nempe
596 819 700 900 qui
745 820 938 880 victus
982 819 1044 879 in
1074 819 1277 882 Asiam
1305 820 1588 901 profugit,
1616 831 1680 881 et
1706 821 1819 881 sub
1849 817 2143 881 Antiocho
2170 840 2310 900 rege
2337 821 2525 903 Syrioe

315 916 580 976 militans
608 915 858 977 consilio
878 926 1078 997 -atque
1122 935 1304 997 opera
1351 937 1463 978 sua
1503 931 1566 979 et
1613 917 1772 999 regis
1817 916 2084 999 potentia
2125 935 2344 978 novum
2385 937 2525 981 curn

315 1013 606 1073 Romanis
633 1013 851 1073 bellum
882 1012 1081 1074 denuo
1109 1013 1317 1093 gessit.
1400 1014 1554 1083 Quoe
1581 1014 1827 1076 historia
1851 1013 2147 1088 omnibus,
2176 1013 2277 1094 qui
2304 1014 2365 1073 in
2394 1014 2527 1075 tali-

313 1111 425 1170 bus
473 1110 781 1190 ingenium
828 1119 1130 1184 exercent,
1169 1109 1514 1190 planissime
1562 1122 1707 1172 nota
1749 1119 1864 1172 est.
1949 1110 2185 1172 Deinde
2231 1110 2526 1193 Scipionis

312 1206 736 1287 triumphantis
774 1225 1009 1268 currum
1053 1226 1175 1268 non
1225 1205 1322 1269 hie
1365 1209 1677 1270 Terentius
1720 1209 1974 1291 pileatus
2018 1218 2370 1289 prosecutus
2406 1217 2523 1280 est,

315 1304 424 1366 sed
453 1305 605 1365 alter
631 1304 813 1385 hujus
838 1303 1116 1378 nominis,
1145 1305 1453 1366 Romanus
1483 1307 1671 1368 civis:
1715 1317 1796 1381 et,
1823 1316 1891 1369 ut
1919 1305 2193 1367 Valerius
2224 1305 2526 1366 Maximus

314 1411 593 1476 testatur,
638 1403 916 1481 praetoria
957 1402 1181 1463 familia
1224 1412 1411 1477 ortus,
1461 1414 1519 1463 et
1562 1403 1716 1464 inter
1741 1421 1967 1483 paucos
1997 1401 2276 1464 senatorii
2304 1401 2527 1463 ordinis

315 1498 697 1580 splendidus.
781 1498 900 1567 Qui
927 1499 1103 1560 etiam
1133 1508 1269 1578 post
1296 1497 1359 1559 id
1389 1508 1645 1580 tempus,
1672 1510 1816 1562 tunc
1845 1499 2092 1572 scilicet,
2132 1519 2267 1561 cum
2297 1497 2527 1581 Scipio-

314 1595 409 1656 nis
436 1596 621 1659 frater
646 1606 964 1658 aecusatus
991 1607 1086 1657 est
1108 1597 1340 1671 Romae,
1368 1608 1688 1678 praeturam
1716 1598 1926 1679 gessit.
2008 1598 2126 1658 Hic
2152 1616 2295 1677 ergo
2320 1596 2526 1656 trium·

313 1692 562 1773 phantis
604 1710 840 1754 currum
889 1694 1185 1774 Scipionis
1227 1706 1579 1775 prosecutus
1625 1706 1738 1767 est,
1794 1694 1953 1775 pileo
2000 1694 2182 1775 capiti
2228 1692 2528 1773 impositu,

312 1788 484 1870 quod
534 1789 776 1851 donatae
821 1790 1107 1853 libertatis
1156 1792 1394 1872 signum
1436 1802 1583 1854 erat.
1687 1793 1959 1862 Quatuor
2002 1790 2186 1852 millia
2232 1788 2529 1869 siquidem

313 1886 725 1948 Romanorum
753 1888 988 1961 civium,
1028 1889 1129 1969 qui
1170 1889 1333 1950 bello
1366 1890 1594 1950 Punico
1623 1889 1785 1969 capti
1810 1897 1983 1950 erant
2008 1887 2157 1949 etin
2186 1887 2531 1948 servitutem

312 1985 567 2058 redacti,
593 1984 783 2046 victor
810 1984 1011 2067 Scipio
1038 1984 1314 2047 liberatos
1340 1985 1400 2044 in
1429 1985 1683 2066 patriam
1713 1983 1972 2047 reduxit.
2054 1983 2217 2045 Inter
2234 2002 2388 2064 quos
2414 1984 2530 2045 fuit

316 2081 420 2142 hic
443 2082 776 2155 Terentius,
804 2083 882 2144 de
902 2103 1022 2165 quo
1050 2082 1196 2157 dixi,
1223 2093 1285 2145 et
1313 2095 1434 2144 tam
1462 2103 1689 2146 memor
1713 2082 1986 2145 beneficii
2013 2082 2265 2164 accepti,
2286 2092 2531 2163 tamque

319 2180 703 2260 singulariter
729 2191 868 2242 ante
895 2200 1101 2242 omnes
1131 2192 1358 2260 gratus,
1402 2191 1470 2241 ut
1511 2201 1616 2262 per
1655 2200 1891 2244 omnem
1932 2182 2115 2242 vitam
2157 2180 2532 2243 liberatorem

319 2294 498 2337 suum
528 2277 868 2358 Scipionem
896 2278 1057 2337 omni
1105 2276 1391 2357 obsequio
1440 2297 1512 2338 ae
1559 2278 1902 2358 patrociniis
1930 2278 2132 2340 debita
2155 2277 2532 2340 veneratione

318 2373 595 2435 coluerit.
683 2374 984 2458 Triumphi
1013 2385 1209 2437 autem
1241 2375 1337 2436 die
1364 2386 1505 2456 post
1528 2397 1665 2437 eum
1693 2376 1948 2458 pileatus
1974 2374 2240 2449 incessit,
2273 2374 2390 2436 hoc
2416 2383 2531 2447 est,

320 2470 522 2532 liberti
546 2471 798 2532 habitu:
839 2472 1011 2554 quasi
1056 2491 1163 2554 per
1209 2471 1368 2532 illius
1411 2472 1520 2533 viri
1563 2474 1834 2535 virtutem
1864 2493 1931 2536 se
1955 2473 2214 2534 libertati
2239 2471 2533 2534 redditum

323 2568 554 2649 populo
598 2568 870 2630 Romano
907 2569 1066 2649 pileo
1092 2580 1350 2631 testante
1380 2569 1762 2632 denuntians.
1846 2571 1999 2641 Quae
2023 2569 2223 2632 omnia
2248 2569 2407 2650 apud
2432 2569 2536 2629 Ti-

320 2674 456 2725 tum
485 2663 737 2737 Livium,
759 2666 1200 2727 celeberrimum
1223 2664 1589 2740 historicum,
1611 2677 1756 2728 nota
1776 2676 1940 2728 sunt.
1997 2666 2120 2727 Sed
2142 2667 2337 2726 minus
2356 2662 2536 2725 miror

322 2761 732 2824 scholasticos
757 2762 873 2824 hoc
909 2780 1103 2825 errore
1147 2763 1451 2843 deceptos,
1494 2782 1632 2825 cum
1672 2763 1900 2824 Paulus
1929 2762 2180 2822 Orosius
2205 2760 2321 2821 hoc
2348 2760 2535 2839 scrip‹

322 2860 510 2923 serit:
543 2859 619 2921 de
639 2879 759 2939 quo
787 2859 1107 2921 admodum
1135 2860 1396 2933 mirarer,
1419 2860 1535 2921 nisi
1555 2860 1717 2942 quod
1738 2859 2037 2921 interdum
2055 2876 2275 2940 magna
2294 2855 2535 2938 quidem

323 2957 574 3037 ingenia
601 2968 664 3018 et
689 2957 750 3016 in
780 2957 981 3018 multis
1009 2970 1304 3039 occupata
1329 2968 1393 3017 et
1416 2958 1570 3019 inter
1595 2957 1976 3020 difficultates
2011 2967 2211 3018 erecta
2248 2972 2533 3036 equorum

325 3054 521 3115 instar
546 3063 786 3134 propter
810 3055 1110 3116 incautam
1137 3058 1513 3119 securitatem
1545 3057 1605 3116 in
1634 3057 1817 3136 plano
1841 3055 2160 3137 cespitant.
2242 3048 2534 3114 Identitas

329 3151 614 3225 nominis,
640 3151 702 3211 ni
729 3151 922 3225 fallor,
950 3164 1202 3214 errorem
1241 3155 1403 3230 fecit,
1448 3154 1612 3234 quod
1655 3155 1883 3216 scilicet
1922 3163 2171 3233 uterque
2196 3149 2533 3212 Terentius.

331 3248 457 3311 Sed
481 3248 951 3329 circumspectus
976 3246 1156 3312 homo
1193 3271 1313 3313 non
1341 3242 1512 3325 vidit,
1560 3251 1725 3331 quod
1763 3270 1836 3312 se
1876 3251 2065 3313 oculis
2105 3247 2434 3329 ingerebat,
2471 3242 2536 3306 in

332 3347 537 3426 primis
562 3345 959 3408 diversitatem
985 3349 1426 3429 cognominum,
1469 3368 1607 3429 quae
1649 3348 1729 3409 ad
1768 3347 2184 3409 discretionem
2229 3345 2536 3406 nominum

332 3453 479 3504 sunt
505 3444 768 3517 inventa,
794 3442 957 3524 quod
985 3444 1212 3506 scilicet
1230 3445 1331 3507 ille
1349 3445 1662 3507 Terentius
1685 3445 1898 3519 Cule0,
1919 3445 2018 3507 bic
2033 3443 2343 3505 Terentius
2371 3442 2536 3516 Afer,

324 3551 406 3625 >ut
434 3540 594 3602 tituli
620 3540 801 3622 hujus
827 3542 1019 3622 operis
1047 3542 1346 3613 indicant:
1376 3544 1477 3604 ille
1496 3545 1826 3618 Romanus,
1852 3543 1967 3605 iste
1994 3540 2536 3622 Carthaginiensis:

337 3637 435 3699 ille
477 3658 513 3698 e
541 3640 823 3699 servitute
864 3638 925 3699 in
952 3639 1303 3713 libertatem,
1333 3641 1446 3702 iste
1475 3652 1674 3703 autem
1701 3651 1911 3703 contra
1942 3661 1975 3701 e
2018 3639 2290 3700 libertate
2324 3638 2386 3696 in
2413 3654 2538 3696 ser-

308 3734 588 3802 ,vitutem
631 3734 889 3805 ductus;
952 3735 1050 3797 ille
1079 3747 1339 3810 senator,
1382 3736 1481 3798 hic
1505 3739 1718 3817 poeta:
1777 3736 1877 3798 ille
1915 3736 2043 3815 jam
2087 3735 2283 3794 senior
2308 3752 2401 3806 eo,
2440 3731 2538 3793 hic

338 3848 487 3911 puer
510 3850 586 3890 eo
611 3841 895 3912 tempore,
920 3850 1041 3912 quo
1068 3853 1106 3893 a
1134 3832 1415 3894 Rmanis
1457 3833 1711 3895 ducibus
1740 3843 1951 3914 captus
1978 3841 2108 3892 est:
2148 3830 2211 3889 in
2239 3850 2360 3911 qua
2395 3849 2541 3911 cap-

320 3927 568 4015 tivitate
596 3928 673 3988 ob
702 3927 1058 4008 elegantiam
1084 3949 1313 3990 morum
1339 3928 1421 3990 ad
1445 3946 1795 4011 magnorum
1815 3929 1977 3991 venit
2003 3927 2326 3999 amicitiast
2354 3939 2539 4009 utque

340 4027 426 4084 ait
451 4025 745 4086 Eusebius
774 4024 926 4087 libro
954 4025 1029 4089 de
1055 4026 1465 4110 Temporibus,
1492 4031 1572 4089 ob
1597 4028 1903 4109 ingenium
1920 4036 1983 4088 et
2003 4028 2250 4087 formam
2270 4027 2539 4088 libertate

342 4121 605 4187 donatus
653 4132 766 4184 est.
870 4124 1033 4186 Inter
1087 4136 1178 4187 tot
1215 4125 1585 4189 diversitates
1639 4126 1844 4189 fallere
1888 4144 2011 4188 uua
2058 4144 2180 4186 non
2237 4123 2541 4184 debuisset

343 4216 649 4280 identitas.
732 4220 849 4281 Hic
878 4240 1021 4283 sane
1061 4222 1375 4285 Terentius
1404 4244 1440 4283 a
1481 4224 1769 4305 principio
1804 4222 2135 4305 juventutis
2183 4242 2308 4282 suoe
2357 4221 2542 4281 fertur
