3050 4942
906 434 1221 485 Anum-m
1270 434 1434 484 Ac'r.
1470 434 1583 482 111.
1632 435 1739 485 sc.
1776 434 1886 484 ιιι.
2346 391 2494 486 '335

317 582 439 649 CH.
482 580 854 648 Ausculto:
881 581 1166 667 loquere
1195 581 1353 666 qnid
1383 581 1579 646 velis.
2320 662 2324 666 .
2453 589 2498 652 5

299 686 409 750 Sl.
453 684 587 750 Per
615 704 740 768 ego
770 692 838 749 te
870 685 1057 751 Deos
1085 705 1225 762 oro,
1254 692 1322 750 et
1348 690 1646 748 nostram
1676 684 2069 764 amicitiam,
2101 684 2406 768 Chreme,

314 787 502 868 Quae,
532 790 794 875 incepta
822 809 866 854 a
894 791 1144 875 patrie,
1174 809 1328 855 cum
1354 793 1555 853 aetate
1585 789 1878 854 accrevi-t
1907 790 2149 872 simu¹13
2309 802 2312 807 ’

312 888 563 975 Perque
593 891 852 958 unicam
882 899 1152 975 gnatam
1187 899 1396 970 tuam,
1429 896 1497 956 et
1524 897 1799 974 gnatum
1830 911 2067 972 meum,

312 993 517 1077 Cujus
541 995 662 1060 tibi
690 1001 993 1078 potestas
1025 1014 1287 1061 summa
1317 995 1635 1062 servandi
1661 994 1901 1075 datur3

310 1095 400 1161 Ut
426 1117 528 1161 me
559 1097 840 1183 adjuves
863 1098 935 1163 in
964 1100 1089 1164 hac
1120 1119 1187 1163 re
1214 1120 1232 1164 t
1281 1105 1482 1182 atque
1514 1100 1632 1178 ita,
1659 1105 1738 1163 ut
1765 1103 2023 1182 nuptiae
2413 1104 2499 1169 10

311 1197 593 1265 Fuerant
620 1199 882 1280 futurae,
912 1201 1099 1267 fiant.
1191 1200 1327 1268 CH.
1374 1200 1509 1281 Ah,
1543 1222 1626 1266 ne
1654 1221 1758 1266 me
1784 1202 2111 1269 obsecra:

309 1299 514 1380 Quasi
540 1302 670 1368 hoc
696 1290 765 1368 te
797 1304 1053 1369 orando
1085 1324 1128 1369 a
1155 1325 1262 1371 me
1291 1306 1659 1389 impetrare
1687 1312 2023 1391 oporteat.

306 1403 529 1470 Alium
557 1425 714 1471 esse
742 1426 983 1472 censes
1011 1427 1187 1472 nunc
1217 1427 1345 1487 me,
1379 1412 1584 1492 atque
1610 1408 1766 1473 olim
1797 1427 1950 1472 cum
1981 1409 2229 1475 dabam
2246 1412 2277 1475 ‘t

308 1506 376 1573 Si
403 1507 468 1573 in
496 1528 641 1574 rem
671 1517 779 1575 est
805 1512 1095 1593 utrique,
1121 1516 1198 1575 nt
1222 1510 1411 1589 fiant,
1444 1510 1695 1576 arcessi
1718 1510 1906 1594 jube.

303 1683 414 1753 qnod
434 1699 463 1733 n
487 1699 560 1734 me
579 1685 774 1748 queris,
795 1686 960 1737 disces.
1025 1685 1130 1737 Cn.
1160 1684 1338 1735 Audio.
1404 1684 1636 1748 Loquere,
1655 1700 1760 1750 quoe
1792 1686 1923 1736 velis.
1992 1685 2070 1737 Sr.
2108 1687 2325 1749 Chreme,
2346 1703 2432 1749 ego
2452 1694 2501 1742 te
2525 1682 2529 1685 ’

296 1756 379 1809 per
399 1749 522 1798 Deos
542 1764 645 1811 oro,
674 1756 722 1799 et
759 1756 973 1801 nostram
989 1749 1267 1812 amicitiam,
1298 1764 1422 1814 quoe,
1448 1750 1635 1814 incepta
1656 1752 1783 1800 inter
1800 1765 1900 1811 nos,
1923 1766 2030 1800 cum
2042 1752 2183 1814 parvi
2203 1753 2357 1804 adhuc
2377 1770 2501 1809 esse-

303 1827 415 1874 mus,
446 1815 653 1864 accrevit
670 1815 815 1865 simul
831 1833 936 1875 cnm
952 1818 1092 1868 amis
1110 1819 1289 1867 nostris
1315 1817 1665 1875 προσαπείπῃ
1690 1831 1869 1880 perque
1899 1816 2257 1880 unicamfiliant
2284 1823 2433 1880 tuam,
2452 1825 2502 1868 et

291 1875 443 1939 filium
463 1895 635 1943 meunt,
656 1881 786 1942 cnjus
806 1883 1022 1932 mandi
1039 1879 1250 1947 potestas
1268 1896 1448 1931 summa
1467 1881 1563 1930 tibi
1580 1882 1723 1930 datur
1733 1897 1753 1939 ,·
1774 1886 1829 1930 ut
1849 1896 1922 1931 me
1939 1881 2132 1944 adiuves
2152 1884 2205 1931 in
2228 1884 2328 1944 <ius
2348 1886 2501 1935 salute

303 1947 639 2003 conservamm-
669 1955 810 2011 atque
841 1947 914 1996 ita
949 1950 1130 2011 nuptioe
1161 1947 1288 1996 inter
1306 1946 1441 1996 illum
1461 1951 1512 1995 et
1525 1946 1691 2011 filiam
1710 1947 2001 2012 tmmfiant‚
2021 1949 2400 2010 quemadmodum
2431 1964 2500 1999 ιω

290 2005 479 2064 fuerunt
488 2010 699 2070 futuroe.
767 2013 870 2062 Cn.
904 2013 982 2062 Ah
997 2013 1096 2062 noli
1115 2027 1187 2061 me
1203 2012 1460 2062 obsecrare.
1515 2011 1671 2068 Quasi
1704 2013 1805 2075 hoc,
1832 2012 2068 2074 sijustum
2088 2013 2157 2062 sit
2172 2013 2242 2074 ia,
2262 2015 2437 2063 orando
2453 2020 2502 2064 ee

304 2087 333 2118 a
351 2087 419 2122 me
436 2074 693 2138 impetrare
724 2082 950 2139 opor-tm.
1015 2077 1095 2127 An
1118 2077 1266 2126 ulium
1302 2091 1375 2126 me
1403 2076 1616 2178 gpinoris
1646 2092 1763 2136 esse,
1782 2067 1924 2142 atque
1940 2078 2053 2126 olim
2073 2092 2225 2141 eram,
2242 2094 2349 2127 cum
2373 2080 2499 2129 ultro

289 2136 441 2198 filiam
462 2156 614 2190 meam
634 2140 887 2206 offerebam
907 2143 958 2192 in
979 2141 1294 2207 uxm·emfllio
1315 2147 1397 2192 tuo
1411 2178 1425 2192 .
1469 2140 1527 2190 Si
1559 2143 1644 2191 Ιιοσ
1664 2142 1854 2206 nitrique
1873 2147 2085 2192 matrum
2104 2144 2225 2192 utile
2246 2148 2333 2205 est,
2352 2149 2406 2192 ut
2423 2145 2501 2195 1·ae

302 2204 927 2272 nuptioefiant‚jiibeffliam
945 2221 1095 2257 meam
1114 2208 1179 2257 ad
1198 2205 1537 2266 easfacieudas
1554 2209 1776 2279 moecari
1786 2225 1803 2257 .·
1834 2210 1934 2267 sed,
1953 2207 2000 2257 εἰ
2022 2222 2084 2258 ex
2101 2223 2158 2258 ea
2174 2222 2228 2259 re
2242 2210 2353 2272 ptus
2370 2210 2503 2272 mali,

1226 2352 1585 2374 coementem

305 2461 421 2498 vero
449 2448 634 2500 Instit.
669 2449 904 2501 Gramm.
945 2451 1037 2501 tib.
1061 2465 1230 2503 xvur.
1263 2453 1393 2502 citat
1415 2452 1650 2502 Ausculta
1682 2467 1852 2516 pauca,
1886 2452 2166 2517 additque:
2205 2453 2222 2480 ‘
2244 2451 2331 2502 Sic
2364 2442 2504 2503 er‘rim

304 2512 488 2565 habent
512 2515 715 2580 antiqui
737 2515 974 2579 Codices,
998 2524 1135 2567 teste
1163 2519 1379 2568 Donato
1411 2524 1819 2567 commentatore
1856 2516 2005 2581 ejus!
2072 2517 2237 2583 Atqui
2259 2518 2413 2570 hodie
2451 2522 2503 2574 in

304 2576 502 2629 Donato
546 2581 675 2630 nihii
717 2581 784 2632 de
821 2582 1091 2631 veteribus
1132 2583 1297 2632 Codd.
1331 2583 1545 2646 legitur.
1584 2582 1739 2634 Westa
1804 2583 1880 2632 Ut
1916 2581 2119 2631 iambus
2143 2585 2506 2647 quaternarius

306 2648 479 2706 staret,
500 2653 711 2695 veteres
745 2634 983 2710 magistri
1020 2662 1172 2709 pauca
1210 2648 1591 2698 substituerunt
1630 2658 1725 2709 pro
1758 2647 1940 2709 paucis.
2006 2646 2109 2695 Sed
2149 2648 2313 2696 nostri
2351 2648 2504 2698 codd.

306 2720 473 2759 omnes
511 2711 710 2761 habent
740 2712 922 2775 paucis.
987 2712 1148 2763 Totus
1184 2726 1363 2761 versus
1389 2713 1463 2762 sic
1486 2713 1884 2761 constituendus
1908 2716 2019 2761 est:
2051 2711 2313 2762 Auscuua:
2343 2714 2509 2776 paucis

305 2777 350 2821 et
364 2775 476 2836 quid
495 2781 543 2826 te
562 2790 653 2838 ego
674 2777 814 2826 velim
829 2782 877 2826 et
898 2778 1020 2841 quod
1043 2782 1097 2826 ιιι
1118 2779 1290 2840 quoeris
1307 2777 1439 2827 scies.
1463 2776 1753 2826 Bentleius.
1818 2774 2047 2825 Ausculta
2064 2777 2251 2839 paucis.
2304 2777 2391 2827 Sic
2416 2790 2507 2840 po-

306 2837 401 2887 tius
423 2840 720 2905 legendum,
738 2856 889 2906 quam
912 2842 1144 2891 Ausculta
1163 2856 1330 2904 pauca.
1388 2842 1565 2891 Paucis
1583 2841 1742 2895 Bent.
1771 2839 1953 2905 jungit
1974 2855 2091 2893 cum
2113 2840 2129 2866 ‘
2145 2840 2313 2891 scies!
2346 2843 2412 2891 R.
2433 2843 2503 2893 D.

303 2901 568 2956 Ausculta!
599 2907 782 2969 paucis,‘
814 2913 863 2956 et
902 2907 964 2956 Z.
1033 2907 1277 2956 Nostram
1318 2907 1793 2971 interpunctionem
1836 2914 2031 2955 rectam
2071 2915 2253 2955 censet
2294 2906 2507 2956 Perl.—-

307 2970 338 3015 6
367 2968 610 3035 Quinque
633 2985 664 3020 e
687 2972 879 3021 nostris
901 2971 1093 3021 habent
1119 2973 1220 3021 Per
1256 2986 1343 3034 ego
1379 2977 1427 3021 te
1460 2973 1622 3023 Deos.-
1654 2985 1847 3034 repone
1869 2971 1971 3020 Per
1995 2975 2042 3022 te
2062 2985 2149 3034 ego
2170 2971 2315 3021 Deos.
2355 2973 2509 3022 Bent.

305 3029 388 3082 Sic
425 3035 658 3100 reposuit
692 3036 848 3086 Both.
934 3038 1034 3085 Per
1064 3041 1113 3086 te
1141 3037 1283 3085 ‘Deos
1303 3052 1346 3086 ο.
1383 3037 1543 3087 2.--8
1579 3037 1813 3086 Nostrum
1848 3050 1943 3099 pro
1976 3050 2129 3086 meum
2170 3035 2352 3086 Guelf.
2389 3039 2510 3086 1.-

307 3099 366 3146 10
399 3100 539 3164 Lege
562 3116 685 3150 cum
708 3101 771 3151 R.
795 3107 938 3164 atque
957 3103 1032 3150 ita
1053 3100 1143 3152 uti.
1177 3102 1336 3150 Bent.
1392 3102 1479 3151 Uti
1501 3102 1631 3152 dant
1654 3102 1801 3152 Perl.
1822 3101 2116 3151 Boua—14
2142 3100 2263 3151 Riv.
2289 3116 2357 3151 ex
2384 3103 2510 3154 Mss.

306 3161 528 3215 Terentii
553 3173 611 3216 et
633 3167 832 3216 Donati
856 3165 1006 3228 citat,
1025 3167 1077 3216 in
1095 3181 1166 3217 re.
1232 3165 1460 3216 Probam
1483 3182 1600 3218 esse
1623 3169 1748 3218 lect.
1773 3166 1828 3216 in
1855 3181 1958 3216 rem
1979 3174 2129 3231 patet
2146 3181 2212 3215 ex
2236 3167 2373 3218 Hec.
2398 3182 2435 3216 1.
2460 3172 2513 3218 2.

305 3229 381 3278 ²⁷·
446 3231 551 3283 ET.
581 3238 637 3282 et
661 3232 785 3282 EM.
809 3237 983 3282 tamen
1005 3232 1058 3281 in
1078 3247 1141 3282 re.
1195 3231 1391 3282 Arcera·
1412 3232 1465 3281 in
1487 3233 1617 3284 Mss.
1639 3231 1902 3284 veteribus
1925 3232 2163 3283 omnibus
2185 3234 2510 3283 Terentianis

307 3297 358 3342 et
376 3293 678 3359 virgilianis
713 3297 815 3360 legi
851 3303 1077 3347 testatur
1099 3296 1307 3347 Pierius
1337 3298 1403 3347 ad
1425 3298 1576 3362 Virg.
1599 3298 1715 3349 AEn.
1740 3310 1795 3347 x.
1820 3301 1900 3346 11.
1967 3298 2060 3347 De*
2089 3297 2187 3347 hac
2226 3313 2355 3348 voce
2389 3299 2512 3348 13oe-

308 3357 553 3411 cterusita
572 3362 627 3411 in
644 3362 1062 3412 Chrestomathia
1076 3378 1093 3411 z
1110 3361 1129 3389 ⁶
1142 3362 1244 3414 Qui
1268 3376 1361 3426 pro
1382 3378 1566 3412 accerso
1586 3363 1779 3428 ubique
1796 3376 1985 3412 arcesso
2000 3362 2336 3425 substituere,
2351 3370 2510 3428 atque

307 3434 369 3471 ex
390 3424 590 3475 duobus
616 3426 882 3476 vocabulis
905 3442 1060 3477 unum
1097 3426 1268 3477 facere
1303 3427 1633 3490 studuerunt,
1667 3433 1748 3478 tot
1783 3428 2092 3490 optimorum
2129 3428 2512 3493 manuscripto-

306 3499 412 3553 rum
435 3491 696 3554 codicum,
715 3492 938 3556 denique
955 3492 1424 3542 Grammaticorum
1448 3499 1685 3542 veterum
1708 3493 2024 3542 auctoritate
2047 3493 2246 3556 pridem
2270 3491 2513 3543 refellun-

308 3553 417 3603 tur!
480 3557 698 3607 Vossius
721 3559 921 3608 veroin
944 3557 1306 3622 Etymologico
1327 3555 1386 3606 τὸ
1405 3571 1591 3607 accerso
1613 3572 1710 3608 nec
1732 3557 1975 3609 Latinum
1998 3558 2316 3622 pronuntiat.
2370 3559 2511 3609 Vide

1300 3678 1518 3731 NOTAE

369 3779 400 3824 6
432 3776 535 3827 Per
568 3792 657 3841 ego
695 3772 744 3829 te
781 3778 912 3828 Deos
949 3777 1054 3841 oro]
1091 3778 1107 3806 ‘
1131 3776 1271 3828 Per’
1315 3777 1371 3826 in
1451 3776 2172 3829 rentismemoriamobtestor
2187 3773 2519 3836 mei.'Plaut.

310 3851 737 3907 obtestationibus
766 3862 823 3905 et
844 3854 1260 3919 adjurationibus
1295 3867 1372 3903 so·
1452 3853 1505 3902 in
1526 3854 1784 3904 Menaech.
1806 3854 1931 3904 Act.
1954 3866 2009 3904 v.
2064 3854 2081 3882 ‘
2101 3852 2209 3903 Per
2242 3867 2342 3916 ego
2366 3853 2513 3903 vobis

310 3928 381 3978 let
401 3931 632 3995 separari
672 3945 704 3981 a
742 3946 837 3982 sno
874 3932 1189 3992 accusativo,
1210 3931 1372 3980 inter·
1454 3931 1599 3981 Deos
1630 3936 1787 3994 atque
1821 3930 2050 3979 homines
2072 3929 2230 3979 dico.'
2276 3928 2424 3978 Idem
2458 3929 2513 3978 in

304 4003 448 4068 jecto
483 4007 821 4070 nominativo,
853 4009 942 4073 qui
976 4007 1257 4070 saepissime
1290 4012 1374 4057 ert
1453 4005 1704 4057 Bacchid.
1728 4006 1850 4056 Act.
1873 4004 2023 4054 ἣδε.
2046 4010 2095 4054 5.
2129 4005 2350 4054 Festus:
2386 4004 2404 4033 ⁶
2424 4002 2511 4053 Ob

311 4083 327 4109 ⁶
355 4083 484 4148 ego,'
531 4090 591 4132 ut
638 4085 821 4135 scribit
858 4085 1034 4135 Valla.
1071 4084 1259 4145 virgil.
1290 4096 1369 4134 tv·
1453 4097 1545 4133 vos
1572 4096 1739 4145 sacro,
1771 4081 1824 4132 in
1859 4080 2167 4147 quibusdam
2201 4079 2513 4147 precationi-

282 4156 424 4223 JIEn.
478 4161 495 4189 ‘
521 4161 679 4212 Mene
702 4160 873 4225 fugis?
907 4176 1001 4228 per
1035 4175 1131 4225 ego
1164 4161 1258 4213 has
1297 4160 1369 4211 la·
1451 4158 1549 4210 bus
1572 4166 1673 4222 est,
1697 4172 1814 4223 pro,
1836 4171 1925 4207 vos
1948 4157 2197 4209 obsecro:
2237 4163 2296 4209 ut
2317 4165 2397 4222 et,
2417 4157 2511 4207 sub

271 4226 281 4239 ‘
313 4249 511 4299 crymas
552 4237 897 4304 dextramque
936 4248 1079 4291 tuam
1129 4238 1216 4292 te?
1269 4239 1369 4290 Se·
1452 4253 1543 4290 vos
1567 4240 1736 4304 placo,
1758 4253 1876 4304 pro,
1897 4237 2175 4304 supplico.’

312 4323 437 4364 neca
474 4314 531 4363 in
564 4313 987 4378 Agame-anonae
1027 4318 1044 4346 ‘
1067 4317 1179 4368 Per
1202 4323 1254 4367 te
1278 4331 1369 4381 paq
