3050 4942
909 390 1009 436 οε
1056 365 1338 439 una-121⁸
1381 381 1925 441 rssasnrums.
2381 377 2514 445 245

574 595 685 655 DE
713 593 1018 654 METRIS
1048 594 1136 653 IN
1167 592 1479 654 LINGUA
1508 593 1838 654 NOSTRA
1864 590 2249 655 USITATIS.

399 723 716 783 Enimvero
741 740 848 801 par
875 730 937 783 et
963 740 1197 801 aequum
1243 731 1355 795 est,
1398 731 1466 783 ut
1508 723 1762 783 eandem
1806 722 2038 784 veniam
2083 725 2372 786 veteribus
2405 726 2514 787 La-

316 821 457 880 tinis
487 821 719 893 demus,
766 839 945 900 quam
982 817 1282 879 hodiernis
1324 819 1425 898 qui
1454 820 1706 898 Anglice
1737 822 1999 881 scribunt
2024 822 2213 902 poetis
2239 821 2515 882 concedi-

315 938 451 977 mus
476 939 493 979 :
541 938 789 997 quorum
815 935 989 975 nemo
1017 924 1128 988 est,
1157 916 1252 975 cui
1279 935 1399 975 non
1429 914 1830 996 indulgemus,
1856 926 1925 978 ut
1952 917 2191 994 syllabis
2219 918 2514 978 interdum

314 1014 514 1095 longis
563 1024 770 1074 contra
811 1012 1069 1072 indolem
1126 1012 1379 1092 rhythmi
1429 1016 1562 1074 loco
1610 1014 1874 1074 brevium
1922 1025 2140 1075 utatur.
2227 1015 2404 1088 Nam,
2446 1024 2517 1075 ut

317 1112 514 1171 Latini
542 1111 737 1171 omnia
764 1120 1080 1171 metrorum
1111 1128 1329 1189 genera
1344 1111 1420 1169 de
1449 1110 1680 1171 Graecis
1708 1122 2083 1192 acceperunt,
2108 1113 2192 1171 ita
2219 1120 2512 1178 nostrates

316 1228 425 1268 sua
475 1208 552 1269 de
578 1208 825 1269 Latinis.
908 1208 1047 1276 Quo
1092 1207 1281 1286 magis
1327 1217 1419 1267 est
1467 1207 1790 1268 dolendum
1839 1217 2018 1288 atque
2064 1207 2512 1288 indignandum,

305 1305 434 1384 jam
474 1324 514 1364 a
543 1304 724 1364 literis
765 1305 984 1365 renatis
1024 1323 1237 1384 pueros
1286 1305 1576 1384 ingenuos
1622 1305 1701 1366 ad
1750 1305 2065 1385 dactylica,
2111 1304 2273 1383 quod
2323 1323 2513 1384 genus

311 1402 508 1482 patria
533 1400 739 1481 lingua
782 1421 903 1462 non
945 1401 1172 1481 recipit,
1216 1401 1558 1475 ediscenda,
1604 1403 1795 1464 ferula
1817 1403 2161 1482 sentinaque
2185 1401 2360 1481 cogi:
2402 1401 2516 1486 Te-

312 1498 584 1558 rentiana
607 1516 746 1557 vero
773 1506 979 1571 metra,
1020 1517 1156 1577 quae
1206 1496 1366 1557 domi
1412 1508 1613 1560 tamen
1655 1508 1716 1558 et
1757 1500 1818 1559 in
1845 1499 2032 1560 triviis
2058 1500 2375 1561 inscientes
2398 1487 2513 1577 ipsi

311 1594 628 1666 cantitant,
670 1593 1085 1673 magistrorum
1135 1593 1315 1672 culpa
1361 1595 1599 1675 penitus
1647 1594 1939 1675 ignorare.
2022 1595 2380 1658 Trochaicus
2425 1585 2514 1656 te}

311 1700 627 1751 trametrus
656 1689 1057 1765 catalecticus,
1081 1699 1149 1751 ut
1174 1691 1468 1767 TerentiO,
1496 1693 1583 1753 ita
1610 1693 1970 1755 nostratibus
1996 1693 2511 1775 frequentissimus

309 1798 444 1848 est:

436 1904 572 1971 ‘Ego
593 1906 681 1957 ille
701 1907 938 1971 agrestis,
963 1905 976 1974 1
1004 1907 1205 1971 saevus,
1240 1910 1424 1974 tristis,
1452 1909 1463 1977 Ι
1490 1910 1696 1977 parcus,
1728 1909 1965 1962 truenien
1991 1908 2004 1977 Ι
2033 1910 2137 1975 1⁶⁸,
2167 1914 2343 1961 tenax.

441 1986 643 2052 Hippy
667 1987 709 2037 is
730 1988 817 2038 the
846 1988 857 2055 Ι
884 1988 1104 2053 country
1126 1988 1218 2040 life
1241 1991 1379 2043 blcst
1404 1991 1416 2059 Ι
1445 1993 1571 2043 with
1593 2000 1812 2045 content
1833 1992 1967 2057 good
1993 1992 2006 2059 Ι
2032 1992 2209 2043 health
2229 1990 2314 2041 an’
2334 2004 2474 2042 ease.

314 2099 432 2168 Qui
460 2098 818 2175 trochaicus,
844 2101 1019 2161 unius
1066 2099 1311 2181 syllabae
1362 2102 1726 2178 accessione,
1766 2103 1871 2164 fiet
1910 2102 2195 2163 iambicus
2235 2110 2510 2163 tetrame-

305 2207 431 2257 trus
459 2196 711 2277 plenus:

308 2320 498 2371 Τιτίου.
517 2319 693 2384 happy
713 2318 758 2369 is
783 2317 795 2386 Ι
823 2319 913 2370 the
935 2319 1155 2384 country
1175 2318 1267 2370 life
1294 2318 1305 2386 Ι
1332 2319 1470 2372 biest
1484 2320 1611 2373 with
1632 2327 1846 2373 content
1871 2321 1882 2389 Ι
1911 2321 2047 2388 good
2067 2322 2244 2373 heaith
2265 2320 2350 2372 sn’
2369 2335 2507 2372 ease.

317 2443 472 2513 Quin
501 2453 562 2505 et
588 2442 872 2504 iambicus
902 2444 1001 2504 ille
1030 2446 1441 2519 καταληκτικὸε,
1469 2445 1746 2507 Terentio
1763 2446 2011 2507 multum
2031 2455 2091 2507 et
2116 2444 2322 2508 merito
2351 2465 2508 2505 ama·

314 2551 429 2614 tus,
458 2539 620 2620 apud
649 2550 884 2601 nostros
912 2560 1149 2622 quoque
1176 2541 1237 2601 in
1266 2562 1483 2622 magna
1512 2543 1704 2623 gratia
1731 2552 1862 2612 est;

371 2672 510 2722 Nam
533 2669 578 2721 si
601 2670 756 2721 remit
793 2668 804 2736 Ι
832 2676 946 2720 tent
970 2669 1235 2735 quippiam
1495 2670 1508 2737 Ι
1537 2670 1893 2721 Philumenam
2085 2666 2099 2734 Ι
2127 2668 2351 2719 dolores.

370 2752 427 2802 Is
458 2750 701 2817 decently
793 2749 805 2817 Ι
832 2766 924 2801 run
947 2750 1164 2817 through
1181 2751 1268 2802 the
1284 2752 1466 2816 lungs:
1496 2749 1508 2817 Ι
1536 2750 1656 2801 And
1674 2749 1867 2802 there’s
1880 2764 1944 2800 an
1955 2749 2058 2801 end
2087 2749 2099 2815 Ι
2125 2749 2178 2800 o’
2199 2750 2373 2814 Buily.

313 2868 522 2947 Neque
550 2884 688 2926 vero
715 2863 1074 2926 bacchiacus
1103 2863 1361 2926 Terentii
1391 2864 1610 2926 nostris
1638 2865 1897 2926 intactus
1925 2874 2061 2926 est:

434 2978 622 3029 Adhuc
643 2976 718 3027 Ar
745 2975 756 3044 Ι
782 2977 948 3042 chylis
971 2993 1087 3044 qum
1110 2993 1167 3029 as
1195 2976 1206 3045 Ι
1234 2977 1402 3029 solent
1423 2993 1643 3045 quaeque
1672 2978 1682 3046 Ι
1710 2978 1937 3043 oportet.

400 3087 409 3094 ·
433 3059 524 3112 Au
536 3059 632 3124 joy
656 3065 712 3109 to
738 3056 750 3126 Ι
777 3065 930 3123 great
951 3058 1144 3142 Caesar
1169 3059 1181 3126 Ι
1208 3061 1332 3125 long
1348 3058 1462 3124 life,
1478 3061 1596 3111 love
1623 3060 1633 3128 Ι
1662 3060 1764 3111 and
1787 3059 2040 3125 pleasure.

310 3175 606 3235 Creticum
635 3174 763 3253 ejus
793 3194 1029 3255 quoque
1055 3173 1263 3256 lingua
1290 3184 1494 3237 nostra
1521 3175 1800 3237 facillime
1826 3172 2119 3243 admittit:

431 3303 608 3353 Tauta
631 3316 694 3353 ve
821 3301 834 3368 Ι
860 3301 1038 3353 cordia
1058 3302 1111 3352 in
1225 3301 1236 3368 Ι
1262 3303 1389 3354 nata
1408 3302 1492 3353 cui
1777 3300 1788 3366 Ι
1819 3316 1971 3367 quam
1996 3301 2054 3351 fit
2075 3299 2191 3351 siet.

426 3383 498 3434 Ὀ
525 3385 613 3435 the
631 3390 793 3436 sweet
820 3383 832 3451 Ι
859 3386 1082 3450 country
1103 3384 1194 3434 iife
1220 3384 1232 3450 Ι
1257 3384 1396 3435 blest
1416 3384 1546 3436 with
1566 3384 1742 3435 health
1770 3383 1780 3448 Ι
1808 3383 1969 3449 peace
1993 3381 2077 3432 ιη’
2101 3394 2241 3431 ease.

309 3498 581 3578 Denique
610 3508 672 3557 et
697 3495 845 3557 illud
877 3507 1146 3570 metrum,
1178 3497 1338 3575 quod
1367 3497 1424 3556 in
1471 3496 1655 3579 epicis
1692 3507 1753 3557 et
1780 3496 2031 3558 heroicis
2051 3495 2177 3575 jam
2207 3495 2307 3555 diu
2338 3492 2498 3572 apud

306 3604 600 3655 nostrates
643 3613 888 3673 regnum
930 3594 1178 3666 obtinet,
1223 3596 1298 3653 ab
1339 3594 1590 3654 iambico
1617 3595 1898 3655 Veterum
1925 3593 2155 3653 senario
2181 3589 2493 3672 profluxit:

303 3690 658 3752 necessitate
685 3691 906 3769 linguae
953 3700 1195 3765 nostrae,
1224 3711 1359 3770 quae
1407 3700 1536 3751 tota
1579 3687 2000 3769 monosyllabis
2039 3698 2276 3748 scatens
2305 3705 2496 3747 caesu-

303 3808 426 3849 ram
455 3786 669 3849 senarii
696 3806 826 3849 raro
856 3786 1135 3860 admittit,
1166 3787 1470 3867 quinarius
1497 3787 1693 3846 factus
1725 3806 1741 3845 ε

556 3917 771 3981 Though
792 3916 947 3981 deep,
966 3922 1060 3981 yet
1075 3917 1247 3979 clear3
1276 3914 1287 3981 Ι
1316 3916 1509 3981 though
1534 3914 1733 3980 gentle,
1764 3919 1856 3978 yet
1878 3918 1972 3963 not
1993 3911 2121 3961 dull.

307 4028 461 4092 Huic
489 4031 552 4090 in
577 4030 699 4090 fine
725 4040 955 4093 sextum
983 4030 1243 4091 iambum
1270 4050 1542 4114 appone3
1593 4039 1656 4092 et
1701 4025 1998 4108 extemplo
2044 4024 2288 4085 habebis
2318 4041 2489 4083 sena-

299 4128 444 4194 rium
469 4126 886 4187 Terentianum
916 4145 933 4186 t

487 4239 709 4305 Though
731 4237 884 4302 deep,
902 4245 995 4304 yet
1014 4238 1171 4302 clear,
1193 4238 1384 4303 though
1411 4235 1422 4303 Ι
1450 4236 1645 4303 gentle,
1663 4241 1757 4303 yet
1776 4241 1870 4287 not
1890 4233 2035 4302 (iuliy
2057 4233 2197 4287 slow-
