3050 4942
1242 366 1656 420 PRAEFxrto.
2455 353 2541 420 27

350 516 509 578 tunc
539 511 965 578 Helmstadii
991 511 1231 596 degens
1268 515 1572 579 contulit.
1660 512 1820 578 Hos
1860 513 2036 579 enim
2077 512 2354 581 scholiis
2398 514 2541 580 sive

350 614 605 697 glossis
646 615 1025 711 destitutos·
1057 636 1230 695 esse,
1274 616 1554 683 doctis-⁰..
1602 617 1720 682 ille
1749 616 2112 695 Gesenius,
2159 619 2390 698 Halm,
2427 618 2546 683 ubi

348 737 525 782 nuuc
554 717 967 784 Professoris
995 719 1385 803 Theologiae
1414 740 1677 785 munere
1696 720 2010 803 fungitur,
2042 720 2203 786 mihi
2230 722 2545 786 narravit.

350 818 582 885 Alium
612 820 916 886 codicem
944 821 1414 888 Terentianum
1446 823 1694 905 glossis
1725 823 2050 906 repletum
2079 824 2402 906 scriptum
2431 842 2545 887 an-

349 940 441 987 no
473 924 671 988 1474.
696 924 1088 1007 possidebat
1125 924 1407 990 doctiss.
1449 924 1715 1004 Niclas,
1761 933 1982 990 rector
2029 924 2545 1008 Luneburgicus,

349 1025 467 1109 qni
508 1025 687 1091 bunc
712 1046 866 1106 cum
895 1028 1135 1093 ceteris
1165 1030 1309 1093 suis
1361 1027 1554 1092 libris
1599 1034 1764 1112 post
1809 1032 2080 1092 mortem
2109 1028 2543 1095 Bibliothecae

352 1127 755 1195 Monasterii
802 1130 874 1194 S.
923 1129 1288 1196 Michaelis
1328 1130 1532 1215 juxta
1582 1131 2050 1214 Luneburgum
2097 1129 2319 1195 inferri
2354 1149 2545 1195 cura

349 1238 581 1296 verat:

439 1332 579 1398 Sed
604 1341 897 1400 revertor
923 1334 1017 1400 ad
1043 1334 1370 1414 codicem,
1394 1355 1593 1420 quem
1616 1342 1774 1402 ante
1791 1336 2024 1402 oculos
2041 1335 2283 1400 habeo.
2344 1333 2547 1400 Hune

350 1436 699 1502 continere
724 1437 986 1521 glossas
1017 1439 1164 1503 sive
1197 1439 1454 1505 scholia
1482 1441 1571 1504 ab
1603 1439 1806 1505 editis
1857 1438 2152 1516 diversa,
2200 1439 2351 1523 ipse
2390 1458 2551 1505 con-

350 1545 637 1623 spectus
663 1539 928 1605 abunde
959 1541 1181 1606 docet.
1270 1540 1627 1620 Quatenus
1659 1562 1813 1607 cum
1839 1541 1929 1607 iis
1955 1541 2378 1625 conspirent,
2398 1561 2551 1625 quae

348 1640 429 1704 in
464 1641 815 1707 codicibus
864 1648 1017 1708 ante
1065 1645 1449 1710 memoratis
1496 1646 1821 1727 leguntur,
1865 1645 2019 1710 aliis
2065 1644 2549 1728 explorandum

346 1742 681 1828 relinquo.
751 1744 1115 1812 Auctorem
1145 1747 1554 1814 scholiorum
1576 1755 1780 1814 aetate
1815 1748 2087 1813 Donato
2115 1747 2549 1829 grammatico

349 1847 614 1912 Saeculi
642 1864 743 1913 ιν.
765 1850 1144 1916 inferiorem
1165 1871 1343 1931 esse,
1362 1857 1559 1917 extra
1579 1870 1842 1916 omnem
1864 1850 2308 1915 dubitationis
2332 1849 2553 1914 aleam

352 1952 655 2034 positum
704 1958 828 2030 est,
884 1953 1047 2037 quia
1091 1955 1441 2021 Donatum
1492 1961 1731 2020 testem
1777 1952 2095 2038 producit
2138 1952 2206 2016 in
2259 1949 2553 2034 Prologo

351 2052 689 2118 Eunuchi.
773 2053 994 2120 Immo
1020 2056 1245 2120 nullus
1273 2055 1537 2135 dubito,
1584 2075 1739 2121 eum
1774 2076 1859 2122 ne
1905 2055 2360 2139 Eugraphium
2404 2054 2553 2137 qui-

352 2154 513 2220 dem
538 2156 936 2240 scriptorem
962 2158 1198 2223 saeculi
1245 2173 1328 2223 x.
1371 2163 1575 2224 aetate
1605 2159 2017 2225 antecedere.
2102 2155 2553 2240 Eugraphium

355 2256 451 2320 ab
495 2277 583 2322 eo
624 2259 997 2325 lectitatum
1041 2278 1219 2340 esse,
1261 2279 1350 2325 ex
1395 2263 1827 2328 consensione
1857 2260 2184 2327 Notarum
2208 2259 2557 2343 utriusque

334 2362 658 2441 ‚auctor-is
684 2364 1035 2446 probabile
1059 2368 1182 2430 est.
1270 2364 1354 2429 In
1381 2372 1553 2431 nota
1588 2364 1707 2450 [ad
1738 2362 1949 2429 Andr.
1985 2380 2104 2427 m.
2143 2363 2208 2427 3.
2250 2360 2390 2442 34]
2431 2379 2555 2445 pro

358 2463 850 2547 significatione
895 2465 1213 2532 vocabuli
1273 2466 1696 2552 ‘periclum’
1754 2465 2024 2533 affertur
2067 2465 2257 2529 locus
2306 2470 2396 2529 ex
2443 2461 2557 2528 Οἱ

356 2585 635 2645 cetone,
678 2588 877 2653 quem
902 2569 1300 2636 laudaverat
1322 2569 1768 2656 Eugraphins.
1854 2568 2171 2635 Scholion
2199 2567 2315 2650 [ad
2343 2564 2557 2630 Andr.

363 2685 479 2734 ιιι.
506 2671 572 2733 4.
605 2670 739 2751 14.]
779 2671 918 2738 fere
955 2672 1242 2738 totidem
1286 2675 1512 2739 verbis
1560 2672 1743 2757 apud
1796 2670 2254 2754 Eugraphium
2298 2669 2558 2750 legitur.

359 2770 448 2836 In
476 2778 645 2838 nota
687 2773 805 2857 [ad
844 2772 1054 2841 Andr.
1107 2792 1210 2841 W.
1254 2778 1319 2843 3.
1370 2776 1466 2857 1.]
1508 2777 1598 2842 ad
1640 2774 1963 2842 tuendam
2005 2770 2559 2854 significationem

360 2876 383 2909 ‘
410 2874 802 2959 proprium:
845 2878 1032 2961 quod
1060 2878 1171 2958 sit,
1213 2884 1636 2964 perpetuum,
1675 2879 1874 2943 loeus
1902 2872 2339 2950 nonneminis,
2367 2871 2561 2956 cnjus

362 2982 597 3042 tamen
640 2996 885 3042 nomen
928 2980 1269 3060 reticetur,
1307 2982 1624 3047 laudatur
1667 2986 1686 3018 ‘
1708 2985 1783 3045 ut
1831 2976 1998 3043 illud
2043 2980 2062 3010 ‘
2088 2976 2562 3060 propriamque

364 3076 697 3144 dicabo.”
788 3081 992 3147 Extat
1036 3083 1147 3149 hic
1195 3085 1386 3150 locus
1434 3085 1620 3170 apud
1664 3081 2024 3165 Virgilium
2064 3079 2221 3145 AEn.
2264 3094 2365 3143 ιν.
2408 3077 2562 3143 126.

364 3198 663 3265 eumque
689 3183 1091 3250 laudaverat
1118 3186 1558 3271 Eugraphius,
1587 3187 1800 3252 alium
1827 3185 2157 3250 Donatus.
2245 3179 2466 3246 Etiam
2491 3180 2565 3244 in

365 3284 528 3368 ipso
576 3291 769 3351 textu
816 3288 1278 3354 concinnando
1329 3290 1780 3374 Eugraphium
1829 3292 2103 3352 secutus
2152 3290 2278 3349 est.
2380 3281 2566 3349 Nam

365 3387 621 3452 fundus
657 3388 971 3456 lectionis
1014 3392 1037 3425 ‘
1061 3389 1149 3454 ad
1180 3391 1642 3456 auxiliandum
1672 3386 1975 3475 copiam’
2020 3384 2228 3452 Andr.
2258 3402 2340 3450 11.
2371 3385 2434 3450 l.
2458 3384 2566 3450 20.

366 3491 576 3555 estin
607 3491 1019 3576 Eugraphio‚
1063 3491 1206 3576 qui,
1245 3500 1418 3558 teste
1451 3494 1783 3570 Bentleio,
1826 3492 2034 3556 habet
2073 3494 2095 3523 ‘
2123 3487 2209 3557 ad
2238 3486 2567 3555 auxilium

371 3592 691 3676 copiam!
777 3594 1010 3661 Lectio
1038 3594 1255 3680 jactas
1282 3594 1488 3661 Andr.
1523 3613 1595 3661 v,
1653 3597 1721 3660 4.
1749 3597 1815 3658 9.
1863 3599 2054 3659 extat
2100 3593 2172 3655 in
2216 3596 2385 3654 nota
2431 3588 2568 3651 Eu-

374 3696 637 3779 graphii
666 3696 753 3762 ad
782 3696 851 3761 h.
880 3696 927 3761 l.
1016 3696 1158 3762 Hic
1188 3704 1415 3764 tamen
1444 3697 1815 3782 Eugraphii
1842 3704 1909 3762 et
1935 3693 2324 3760 scholiastis
2358 3690 2571 3754 nostri

375 3816 755 3864 consensus
794 3817 926 3865 non
977 3807 1208 3865 tantus
1251 3807 1376 3880 est,
1402 3811 1500 3865 -ut
1543 3800 1716 3864 hunc
1759 3799 2267 3882 epitomatorem
2296 3792 2404 3856 vel
2450 3810 2570 3856 ex-

376 3903 770 3987 scriptorem
823 3902 1298 3968 Commentarii
1361 3900 1819 3987 Eugraphiani
1877 3898 2188 3962 habeam.
2299 3894 2570 3960 Cetero-

375 4005 539 4088 quin
567 4004 907 4070 Latinitas
935 4005 1083 4089 ejus
1109 4007 1387 4071 barbara
1414 4014 1485 4072 et
1512 4002 1772 4071 soloeca
1801 4002 1970 4068 satis
1995 4000 2258 4084 probat,
2299 3998 2385 4062 ad
2416 4017 2574 4063 ean-

379 4106 532 4171 dem
578 4115 848 4173 aetatem
892 4107 1337 4188 ablegandum
1383 4128 1560 4187 esse,
1614 4124 1748 4192 qua
1796 4103 2015 4170 codex
2061 4103 2214 4186 ipse
2254 4111 2574 4166 exaratus

380 4214 502 4290 est,
546 4210 592 4274 i.
623 4230 682 4274 e.
711 4206 798 4276 ad
825 4209 1160 4277 Saeculum
1193 4228 1267 4277 x»
1299 4213 1409 4278 vel
1436 4210 1669 4296 potius
1701 4224 1813 4275 xr.
1897 4207 1974 4273 Si
2019 4206 2201 4272 enim
2230 4202 2575 4273 Fabricius
