3050 4942
530 360 618 423 64
1362 376 1458 422 os
1505 375 1891 423 τΗΕΑτΒο.

531 518 695 577 velut:
718 518 997 578 historica
1040 518 1186 578 fides
1231 538 1384 578 verae
1440 519 1809 590 narrationiS‚
1859 527 1917 578 et
1946 518 2268 578 nominatio
2320 518 2599 590 omnium,
2646 518 2723 577 de

507 615 746 693 ‘quibus
774 616 1156 676 scribebatur.
1239 614 1380 689 Sed,
1409 636 1543 675 cum
1575 617 1765 694 poetae
1810 616 1870 674 in
1900 616 2220 675 Comoediis
2251 617 2415 675 abuti
2450 616 2725 676 licentius

533 713 709 792 style,
765 724 827 772 et
879 712 1103 791 passim
1158 712 1392 772 laedere·
1430 733 1504 772 ex
1559 712 1803 772 libidine
1872 714 2194 792 coepissent
2260 714 2457 794 plures
2513 715 2727 784 home,

531 809 663 888 lege
694 808 834 883 lata,
871 828 945 869 ne
975 809 1284 891 quisquam
1327 809 1387 868 in
1418 811 1669 870 alterum
1701 811 1918 873 infame
1945 829 2179 871 carmen
2210 810 2509 881 scriberet,
2556 821 2725 871 tacu-

532 917 725 967 erunt.

615 1004 828 1084 Satyra
853 1003 1068 1064 exinde
1097 1003 1306 1064 sumsit
1331 1003 1657 1064 exordium.
1731 1005 1954 1083 Estque
1984 1022 2171 1082 genus
2202 1005 2466 1077 Fabulae,
2489 1025 2625 1083 quae
2652 1025 2728 1064 ex

534 1100 783 1181 Satyris,
804 1121 955 1180 quos
979 1100 1177 1161 illotos
1197 1111 1258 1160 et
1284 1100 1621 1179 petulantes
1647 1101 1809 1161 Deos
1832 1121 1963 1161 esse
1992 1101 2233 1174 scimus,
2255 1122 2469 1162 nomen
2494 1104 2729 1162 sumsit.

535 1196 672 1257 Fuit
700 1210 893 1259 autem
923 1198 1232 1277 ejusmodi,
1259 1210 1328 1258 ut
1353 1197 1411 1257 in
1441 1219 1535 1274 ea,
1561 1201 1827 1278 quamvis
1857 1197 2005 1258 duro
2028 1208 2089 1259 et
2110 1199 2327 1279 agresti
2346 1200 2507 1279 joco,
2528 1209 2746 1259 tamen·

533 1295 672 1354 vitia
695 1295 1022 1370 bominum,
1053 1296 1178 1356 sine
1207 1296 1330 1356 ullo
1358 1297 1577 1378 proprii
1606 1297 1857 1357 nominis
1889 1296 2081 1370 titulo,
2122 1307 2521 1376 carperentur,
2551 1305 2729 1375 atque

532 1411 636 1471 per
680 1393 927 1472 scirpos,
975 1403 1036 1452 et
1084 1393 1423 1472 aenigmata,
1474 1412 1710 1472 magnae
1753 1413 1848 1454 res
1896 1393 2386 1455 describerentur.
2471 1392 2540 1452 Id
2590 1412 2730 1453 vero

532 1509 720 1568 genus
752 1490 992 1550 Fabulae
1023 1491 1222 1551 multis
1252 1491 1440 1551 obfuit
1465 1490 1678 1569 poetis,
1705 1512 1839 1554 cum
1864 1492 1925 1550 in
1954 1492 2352 1573 suspicionem
2385 1490 2729 1571 potentibus
2805 1560 2813 1568 ,

533 1586 762 1647 civibus
789 1589 1110 1662 venissent,
1139 1588 1302 1667 quod
1331 1587 1563 1648 illorum
1608 1587 1769 1647 facta
1817 1586 2272 1668 descripsisseut
2318 1588 2380 1647 in
2423 1588 2614 1669 pejus,
2657 1607 2732 1647 ac

533 1681 964 1747 deformassent
990 1685 1232 1747 Fabulae
1255 1705 1443 1764 genus
1474 1683 1631 1765 stylo
1660 1684 1955 1745 carminiS.

618 1781 767 1842 Post
810 1781 1102 1843 exoletam
1149 1783 1421 1861 Satyram
1467 1781 1769 1840 inventum
1815 1792 1907 1841 est
1952 1801 1989 1840 a
2036 1781 2227 1860 poetis
2271 1780 2433 1842 aliud
2486 1781 2729 1842 Fabulae

533 1899 746 1961 genus,
771 1899 907 1958 quae
937 1877 1245 1940 Comoedia
1273 1876 1448 1936 Nova
1473 1877 1637 1937 dicta
1665 1886 1776 1938 est.
1864 1879 1954 1936 Ea
1981 1887 2108 1937 erat
2135 1878 2382 1950 Fabula,
2412 1878 2727 1939 continens

533 1977 850 2056 imaginem
898 1976 1156 2036 civilium
1207 1995 1276 2035 ac
1303 1974 1663 2055 privatarum
1705 1995 1935 2035 rerum:
1998 1994 2129 2054 qua‘
2174 1974 2533 2048 discebatur,
2583 1976 2729 2055 quid

535 2082 699 2134 esset
722 2073 780 2132 in
809 2072 932 2131 vita
958 2072 1124 2146 utile,
1152 2071 1294 2150 quid
1325 2070 1688 2131 evitandum.
1763 2071 1937 2130 Unde
1967 2072 2051 2132 ait
2072 2072 2301 2144 Cicer-0,
2327 2079 2345 2106 ‘
2365 2068 2729 2133 comoediam

533 2189 670 2230 esse
713 2167 1098 2229 imitationem
1145 2168 1304 2239 vitae,
1356 2167 1663 2247 speculum
1711 2166 2186 2242 consuetudinis,
2236 2168 2551 2248 imaginem
2578 2172 2730 2231 veri-

531 2266 713 2326 tatis!

615 2362 848 2424 Nomen
874 2360 1057 2422 habet
1083 2360 1410 2434 Comoedia,
1453 2361 1549 2423 vel
1594 2380 1631 2422 a
1678 2362 1885 2436 Come,
1936 2361 2067 2422 Deo
2112 2362 2583 2435 comessatiouiS‚
2635 2364 2741 2426 vel.

538 2461 612 2521 ab
641 2479 713 2522 eo
739 2458 902 2541 quod
945 2458 1196 2540 primum
1225 2460 1621 2520 Athenienses
1650 2479 1754 2539 per
1781 2459 1943 2519 vicos
1971 2459 2169 2520 adhuc
2198 2459 2446 2539 dispersi
2488 2482 2562 2521 ex
2604 2481 2731 2521 om-

533 2558 706 2618 nibus
734 2557 882 2617 locis
911 2557 1036 2616 laeti
1067 2557 1410 2638 alacresque
1442 2557 1912 2618 conveniebant:
1956 2556 2152 2636 ibique
2179 2558 2423 2617 rudibus
2451 2568 2514 2618 et
2539 2558 2731 2618 incul-

531 2656 607 2716 tis
635 2656 902 2716 versibus
930 2655 1348 2733 potentiorum,
1389 2655 1755 2734 aliorumque
1798 2653 1937 2712 item
1964 2652 2267 2713 hominum
2295 2653 2435 2713 vitia
2459 2655 2732 2713 ‘nomina-

531 2752 634 2811 tim
662 2751 1159 2830 perstringebant.
1244 2750 1477 2811 Nomen
1508 2760 1706 2810 autem
1734 2748 2146 2828 compositum,
2175 2751 2288 2810 ἀπὸ
2315 2763 2414 2811 τοῦ
2442 2754 2742 2831 κωμάξειν,

533 2850 626 2907 καὶ
650 2846 833 2925 ᾄδειν.
919 2849 988 2907 In
1019 2867 1271 2920 summa,
1318 2846 1630 2906 Comoedia
1676 2854 1770 2906 est
1813 2847 2027 2925 posma
2061 2846 2171 2904 sub
2219 2845 2543 2906 imitatione
2592 2848 2729 2907 vitae

532 2962 603 3003 ac
632 2943 1007 3004 similitudine
1035 2944 1447 3023 compositum,
1489 2945 1548 3002 in
1579 2954 1751 3022 gestu
1781 2952 1842 3001 et
1867 2942 2341 3022 pronuntiatione
2370 2944 2730 3005 consistens,

531 3039 603 3098 In
630 3059 702 3099 ea
729 3039 1056 3100 mediocres
1097 3040 1349 3100 fortunae
1379 3039 1704 3112 hominum,
1751 3039 1917 3119 parvi
1947 3039 2218 3118 impetus,
2246 3040 2505 3120 pericula
2531 3045 2729 3122 quoti-

531 3135 732 3209 diana,
761 3135 1100 3197 turbulenta
1123 3136 1428 3216 principia,
1477 3136 1715 3215 laetique
1762 3135 2000 3196 fuerunt
2040 3136 2253 3209 exitus,
2301 3149 2363 3198 et
2390 3140 2528 3198 ficta
2556 3159 2730 3220 argu-

530 3243 752 3293 menta.
835 3232 1043 3293 Caruit
1068 3253 1307 3313 quoque
1335 3233 1515 3294 choro
1546 3253 1701 3294 nova
1729 3232 2058 3307 Comoedia,
2086 3244 2293 3295 contra
2312 3256 2490 3316 quam
2514 3237 2731 3308 VetuS,

529 3329 934 3410 paulatimque
983 3349 1369 3411 personarum
1424 3351 1669 3392 numero
1724 3333 1782 3391 in
1834 3331 2095 3410 quinque
2154 3334 2342 3394 Actus
2399 3339 2689 3413 processit
2713 3359 2728 3397 ε

532 3426 697 3504 quod
722 3438 867 3488 tunc
892 3449 1026 3489 cum
1056 3428 1134 3488 ad
1160 3440 1434 3489 cantores
1463 3431 1539 3489 ab
1568 3430 1864 3490 actoribus
1890 3429 2184 3489 transibat
2208 3431 2451 3502 Fabula,
2480 3450 2727 3493 consur-

537 3540 698 3604 geret
729 3540 784 3584 et.
813 3526 1002 3586 abiret
1039 3526 1316 3609 populus.
1402 3527 1471 3586 In
1515 3545 1589 3586 ea
1634 3527 1810 3587 etiam
1854 3545 2236 3605 personarum
2284 3541 2526 3589 ornatus
2573 3531 2735 3590 alius·

533 3628 809 3680 int-entus
837 3634 947 3696 est,
970 3623 1171 3704 pallia,
1203 3625 1382 3697 socci,
1413 3634 1474 3685 et
1500 3623 1561 3683 id
1592 3642 1781 3704 genus
1809 3636 2028 3684 cetera.

621 3720 761 3780 Puer
793 3720 1021 3782 Novam
1052 3722 1418 3782 Comoediam
1448 3721 1639 3781 Latini
1668 3721 1860 3782 multa
1892 3720 2247 3781 Fabularum
2279 3741 2494 3802 genera
2524 3737 2726 3804 protu-

533 3820 741 3888 lerunt,
793 3839 927 3900 quae
973 3829 1172 3880 tamen
1223 3819 1553 3880 Comoediae
1601 3819 1967 3881 dicebantur.
2049 3817 2310 3898 Togatas
2355 3823 2650 3881 vocabant
2689 3843 2733 3882 a·

533 3916 781 3972 sculdais
813 3916 1188 3990 indumenti8‚
1217 3938 1352 3997 quae
1384 3919 1716 3977 Romanam
1758 3927 1957 3996 togam
1987 3935 2110 3996 prae
2141 3936 2205 3976 se
2248 3916 2531 3991 ferebant,
2558 3929 2619 3979 et
2647 3921 2723 3978 ab

537 4016 891 4088 :lrgmueffiis
944 4014 1204 4082 Latinis;
1269 4015 1661 4076 Praetextatas
1709 4034 1745 4074 a
1773 4013 2063 4094 dignitate
2108 4027 2169 4077 et
2197 4015 2411 4076 vestitu
2442 4034 2727 4095 persona«

537 4128 677 4176 rum,
725 4120 781 4168 et
825 4108 1034 4169 Latina
1072 4110 1356 4172 historia:
1400 4112 1708 4172 Atellanas
1751 4114 1827 4173 ab
1856 4114 2075 4188 Atella,
2123 4114 2415 4174 Oscorum
2464 4114 2721 4188 civitate,

537 4204 633 4260 uhi
665 4204 916 4266 inveutae
946 4206 1222 4269 dicuutur
1247 4230 1263 4270 ι
1306 4230 1392 4270 eae
1422 4211 1645 4272 salibus
1671 4229 2009 4292 conspersae
2036 4221 2223 4286 erant,
2270 4230 2341 4271 ac
2373 4210 2535 4290 jocis
2558 4229 2721 4271 com-
