3050 4942
762 390 1125 444 ominus
1172 389 1464 442 umusu
1513 389 2033 445 messurum.
2400 385 2489 455 ω

320 531 453 604 drise
481 553 551 594 ac
581 533 849 596 Chaereae
873 536 1263 616 exposuisset,
1289 544 1498 598 contra
1525 546 1722 599 autem
1748 537 1834 600 illi
1860 543 2265 624 persuasisset,
2287 556 2348 609 et
2363 548 2490 628 jam

319 631 528 708 gratias
554 631 794 712 ineptus
820 632 997 692 horno
1020 652 1090 693 ac
1114 632 1399 708 ridiculus
1427 634 1704 697 haberet:

793 759 954 819 Bene
981 759 1205 820 fecisti:
1249 761 1493 839 gratiam
1517 761 1712 823 habeo
1740 763 2070 830 maximam.

471 852 794 934 Nunquam
840 855 1018 915 etiam
1062 855 1146 917 fui
1191 876 1464 936 usquam,
1502 859 1645 938 quin
1691 880 1785 922 me
1833 882 2036 924 omnes
2072 878 2335 926 amarent
2358 866 2492 945 plu-

628 969 865 1013 rimum.

316 1077 632 1158 respondet
657 1079 733 1147 ad
751 1090 1076 1163 „utrumque
1103 1102 1426 1146 conversus
1453 1104 1469 1143 ε

470 1210 674 1270 Dixin'
701 1231 813 1293 ego
839 1215 900 1273 in'
928 1214 1042 1276 hoc
1069 1217 1265 1278 inesse
1294 1215 1461 1277 vobis
1491 1215 1749 1278 Atticam
1777 1217 2175 1298 elegantiam?

313 1336 481 1436 Certe
530 1349 661 1401 tota
704 1342 898 1403 Scena
943 1341 1119 1405 tertia
1165 1344 1317 1405 tertii
1344 1344 1533 1404 Actus
1582 1344 1643 1404 in
1671 1343 1981 1428 Adelphis,
2031 1348 2090 1406 in
2129 1365 2247 1427 qua
2272 1345 2492 1410 luditur

311 1453 345 1526 a
370 1434 519 1516 Syro
549 1437 796 1514 Demea,
827 1438 1025 1502 divina
1048 1450 1159 1502 est.
1242 1439 1458 1509 Qualia
1485 1441 1638 1502 enim
1660 1440 1808 1500 illa?

786 1568 939 1630 Mihi
965 1571 1200 1652 quidem
1228 1589 1348 1632 non
1382 1570 1641 1649 placent,

467 1666 549 1728 Et
573 1665 765 1728 clamo
795 1686 989 1748 saepe:
1034 1667 1405 1732 Salsamenta
1430 1666 1583 1740 haec,
1612 1665 1957 1747 stephanio,

467 1763 592 1823 Fae
619 1774 987 1825 macerentur
1012 1763 1276 1844 pulchre.

307 1894 494 1954 Plane
520 1893 680 1952 enim
722 1902 936 1973 praeter
982 1892 1454 1973 expectationem
1496 1890 1714 1952 omnia.
1795 1891 1932 1951 Jarn
1974 1911 2110 1952 cum
2158 1894 2342 1955 Vetus
2373 1893 2493 1954 Co-

304 1990 521 2050 moedia
548 1990 693 2050 nihil
720 2009 889 2070 aeque
917 2008 988 2050 ac
1016 1989 1305 2070 παρφὸίαν
1332 1998 1507 2059 amet,
1527 2007 1675 2067 quae
1691 1987 2035 2069 plerumque
2058 2000 2118 2049 et
2139 1992 2352 2051 acerba
2378 2001 2494 2065 est,

306 2097 363 2169 et
388 2097 563 2148 extra
605 2088 858 2149 Scenam
904 2088 1206 2167 quaeritur,
1254 2085 1680 2148 urbanissimus
1713 2084 1974 2147 virorum
2023 2088 2329 2161 rationem,
2374 2107 2493 2167 qua

307 2203 374 2243 ex
402 2185 643 2246 actione
691 2185 841 2265 ipsa,
881 2184 1213 2264 parodiam,
1269 2184 1531 2266 lepidam
1576 2202 1718 2244 sane
1770 2192 1830 2243 et
1876 2195 2203 2259 venustam,
2250 2193 2495 2266 peteret,

303 2282 548 2344 invenit.
632 2281 808 2358 Nam,
836 2302 970 2344 cum
1000 2284 1229 2345 Demea
1255 2283 1522 2358 dixisset,

1112 2397 1210 2459 Fit
1235 2397 1464 2472 sedulo,

465 2494 630 2554 Nihil
656 2460 1056 2575 praetermitto,
1085 2494 1499 2555 consuefacio:
1545 2494 1822 2575 denique,

467 2594 790 2672 Inspicere,
816 2602 1100 2674 tanquam
1128 2590 1189 2650 in
1220 2592 1547 2670 speculum,
1575 2593 1637 2651 in
1657 2593 1809 2653 vitas
1839 2591 2097 2652 omnium

462 2690 693 2750 Jubeo:
736 2698 916 2768 atque
942 2709 1017 2749 ex
1045 2689 1175 2749 aliis
1205 2707 1435 2747 sumere
1461 2688 1796 2768 exemplum
1825 2687 1959 2748 sibi.

465 2786 604 2845 Hoc
634 2783 834 2845 facit0.
921 2795 926 2804 '

301 2910 358 2959 et
383 2919 529 2980 quae
558 2906 922 2996 sequuntur·
962 2895 1282 2977 respondet
1308 2893 1531 2977 Syrus:

466 2990 782 3072 Conservis
806 3009 884 3070 ad
911 3010 1169 3071 eundem
1195 3010 1391 3069 istunc
1432 3009 1712 3090 praecipio
1740 3007 2014 3075 modum;

458 3108 598 3168 Hoc
628 3107 850 3167 salsum
892 3107 988 3180 ',st
1016 3107 1143 3184 hoc
1161 3106 1440 3167 adustum
1472 3106 1570 3180 ',st
1597 3106 1712 3186 hoc
1738 3107 1962 3166 lautum
1988 3105 2065 3163 ’st
2092 3077 2317 3185 parum.

457 3203 623 3264 Illud
652 3213 849 3265 recte:
892 3205 1126 3278 iterum,
1156 3205 1240 3264 sic
1269 3214 1585 3264 memento,
1658 3202 1880 3264 Sedulo

460 3300 709 3373 Monet),
736 3321 872 3380 quae
899 3319 1163 3380 possum,
1191 3319 1296 3379 pro
1325 3318 1459 3360 mea
1485 3300 1796 3380 sapientia.

459 3395 797 3472 Postremo,
818 3408 1104 3477 tanquam
1129 3398 1192 3456 in
1220 3397 1543 3479 speculum,
1570 3396 1630 3456 in
1659 3399 1912 3476 patinas,
1942 3396 2188 3468 Demea,

462 3492 764 3573 Inspicere
785 3494 968 3574 jubeo
993 3513 1009 3553 ε
1052 3503 1114 3553 et
1137 3511 1373 3566 moneo,
1399 3492 1543 3572 quid
1569 3493 1728 3552 fonto
1755 3511 1900 3553 usus
1931 3491 2026 3552 sit.

303 3622 395 3694 Ita
437 3641 595 3683 sane*
632 3633 696 3684 et
738 3622 935 3698 Plat0,
979 3633 1039 3683 et
1086 3624 1443 3704 Xenophon,
1481 3641 1808 3702 omnesque
1863 3620 2151 3682 Socratici
2197 3618 2493 3697 jocantur.

303 3718 631 3800 Nunquam
655 3719 889 3800 frigide,
916 3740 1235 3800 ,nunquam
1262 3720 1561 3792 obscoene,
1606 3737 1907 3798 nunquam
1935 3718 2152 3796 inepte,
2189 3729 2495 3804 nunquam

300 3816 535 3898 putide.
617 3816 942 3877 Videamus
981 3817 1108 3898 jam
1155 3816 1434 3877 Plautina
1471 3814 1767 3894 quaedam.
1850 3816 1940 3876 Ac
1984 3808 2336 3871 Plutarchus
2358 3807 2495 3886 qui-

304 3911 439 3973 dem
468 3912 623 3972 illud
664 3925 947 3994 tanquam
990 3914 1268 3993 frigidum
1296 3933 1368 3972 ex
1418 3911 1830 3992 Aristophanis
1880 3903 2495 3988 Thesmophoriazusis

303 4010 379 4080 de
411 4006 712 4088 Euripidis
741 4019 927 4070 matre
954 4008 1232 4071 adducit:

443 4127 673 4202 ’'Aypm
702 4128 817 4202 γὰρ
840 4128 1006 4203 ἡμᾶς,
1034 4149 1077 4183 ω
1103 4131 1383 4199 γυναῖκες,
1412 4119 1515 4199 δρᾷ
1546 4124 1702 4192 κακὰ,

450 4222 586 4284 ''Ar’
609 4225 679 4290 ,ἐν
705 4224 957 4301 ἀγρίοισι
981 4222 1257 4302 λαχάνοις
1283 4220 1445 4281 αὐτὸς
1471 4222 1710 4298 τραφείς.
