3050 4942
514 350 647 417 222
1247 363 1715 413 rnauorscus
1764 361 1969 412 runs

516 509 732 571 endum
762 517 1194 571 concurrerent.
1262 511 1560 572 *Licentiae
1611 510 1785 590 hujus
1833 530 2012 571 uuum
2055 511 2410 589 exemplum,
2454 497 2562 571 sed
2615 510 2704 569 in-

517 607 682 687 signe
708 606 1024 667 admodum
1057 605 1213 666 dabo
1242 627 1314 667 ex
1343 607 1544 667 Plauti
1570 608 1930 680 Trinummo,
1961 627 2041 669 11.
2080 612 2130 667 l.
2168 611 2299 667 172.

706 718 851 786 Quae'
868 733 1033 785 neque
1055 717 1249 768 fii-tura
1271 733 1367 768 nec
1383 731 1448 769 =
1462 717 1603 768 facta
1625 719 1743 767 snut
1761 745 1777 758 ·
1795 724 1971 768 tamen
1995 719 2134 768 il=li
2156 718 2342 768 sciunt.

515 811 581 879 Iu
624 819 738 879 hoc
766 837 937 878 versu
967 816 1151 879 cuivis
1196 816 1570 876 manifestum
1603 824 1694 874 est
1722 812 1871 874 duos
1902 834 2035 874 esse
2061 814 2245 893 pedes
2278 815 2545 888 cretione,
2591 814 2701 875 sed

513 916 615 994 qui
643 903 1004 995 dactylorum
1034 912 1209 992 plane
1236 910 1436 972 vicarii
1462 922 1623 971 sunt.
1699 910 2015 971 Innumera
2055 923 2197 972 sunt
2243 912 2495 972 licentiae
2522 912 2702 992 hujus

515 997 672 1091 apud
701 1012 864 1071 illum
892 1010 1195 1088 exemplaz
1239 1030 1347 1069 nec
1376 1027 1567 1087 pauca
1613 1008 1671 1066 in
1721 1008 2015 1081 Terentio,
2062 1008 2203 1068 licet
2228 1009 2362 1080 hac,
2390 1019 2457 1069 ut
2483 1018 2545 1068 et
2573 1008 2704 1068 aliis

512 1108 632 1168 fere
661 1109 953 1179 omnibus,
983 1103 1402 1186 Plauto'longe
1449 1105 1681 1185 parcius
1710 1114 1946 1173 utam-3
1991 1105 2152 1185 quod
2196 1107 2345 1165 inter
2372 1105 2703 1186 praecipuas

512 1205 766 1265 Terentii
797 1203 1004 1264 laudes
1049 1203 1255 1263 merito
1286 1202 1706 1264 recensendum
1737 1211 1848 1275 est,
1897 1203 2017 1281 qui,
2040 1202 2306 1281 quamvis
2336 1202 2397 1260 in
2424 1195 2710 1275 licentiis,

512 1300 634 1358 sive
661 1320 861 1360 earum
906 1320 1211 1360 numerum
1241 1300 1364 1361 sive
1403 1319 1621 1380 genera
1668 1310 1919 1379 spectes,
1972 1298 2319 1359 adhibendis
2347 1309 2467 1358 tam
2495 1319 2703 1377 parum

512 1396 620 1456 sibi
645 1396 974 1470 indulserit,
1006 1416 1333 1458 sermonem
1363 1409 1561 1456 tamen
1588 1406 1755 1456 tanta
1783 1406 1904 1457 arte
1930 1397 2297 1477 temperavit,
2328 1406 2394 1455 ut
2420 1396 2703 1457 Plautino

510 1493 704 1553 minus
756 1504 1049 1574 assurgat,
1099 1506 1161 1554 et
1208 1494 1542 1573 pedestrem
1587 1494 1773 1553 multo
1817 1494 2006 1574 magis
2035 1495 2267 1555 referat.
2353 1493 2472 1553 Sed
2502 1492 2578 1552 de
2608 1491 2700 1551 his

510 1588 820 1653 haetenus,

534 1747 542 1756 ,
593 1688 881 1763 Alterum,
908 1688 1069 1768 quod
1096 1687 1327 1768 plurimi
1365 1698 1459 1748 est
1500 1688 1561 1746 in
1610 1687 1726 1747 hoc
1776 1697 2124 1767 argumento
2153 1686 2453 1768 ponderis„
2480 1695 2576 1746 est
2603 1705 2703 1746 ac·

511 1775 719 1845 centus
747 1806 922 1865 quem
973 1786 1114 1857 dixi,
1164 1806 1269 1847 seu
1320 1796 1507 1855 tenor,
1559 1805 1677 1864 quo
1716 1785 1956 1845 verbum
2003 1784 2327 1845 seeundum
2375 1783 2701 1862 legitimam

509 1881 930 1960 pronuntiandi
957 1884 1240 1943 rationem
1289 1883 1647 1942 modulatur.
1732 1883 1813 1941 Ut
1844 1883 1998 1942 enim
2025 1881 2125 1962 ille
2156 1902 2294 1958 non¹
2324 1889 2544 1940 temere
2573 1898 2699 1938 mo-

509 1979 760 2051 vendus»,
788 2000 898 2040 nec
924 1980 1155 2060 syllaba
1181 2000 1356 2060 quam
1387 1975 1644 2059 occupat
1687 1999 1760 2039 ex
1798 1979 1978 2058 longa
2026 1980 2085 2038 in
2114 1980 2348 2038 brevem
2392 1975 2700 2048 mutanda,

509 2075 594 2135 ita
650 2078 893 2137 aliarum
938 2078 1298 2157 syllabarum
1344 2077 1665 2157 quantitas»,
1721 2076 1846 2156 ejus
1899 2076 2221 2155 praesertim
2277 2093 2411 2152 quae
2465 2082 2700 2131 acutam

508 2172 769 2251 proxime
795 2172 1102 2253 praecedit,
1131 2174 1204 2232 ab
1253 2193 1324 2232 eo
1374 2172 1686 2252 plurimum
1723 2172 1980 2250 pendet:
2023 2182 2083 2231 et
2110 2173 2488 2231 maximarum
2518 2167 2703 2228 licen-

509 2268 722 2327 tiarum
748 2271 895 2329 ratio
923 2268 1062 2329 inde
1106 2278 1199 2329 est
1224 2268 1504 2349 petenda.
1591 2267 1768 2336 Quod
1797 2279 1863 2329 ut
1901 2269 2321 2348 intelligamus,
2349 2266 2480 2326 haec
2507 2285 2701 2347 pauca

508 2365 772 2445 principii
800 2366 932 2427 loco
962 2365 1036 2427 de
1067 2377 1279 2426 natu-ra
1306 2377 1369 2427 et
1393 2368 1448 2426 vi
1479 2376 1756 2426 accentus
1786 2368 1966 2446 probe
1995 2365 2253 2426 tenenda
2281 2373 2439 2423 sunt.

592 2453 808 2536 Primo,
836 2463 895 2522 in
925 2464 1083 2522 omni
1112 2483 1255 2523 voce
1285 2483 1421 2523 esse
1451 2472 1707 2533 acutam,
1738 2482 1987 2541 eamque
2016 2481 2194 2521 unam
2224 2471 2474 2520 tantum.

592 2558 892 2635 Secundo,
916 2559 1181 2620 ultimam
1210 2578 1510 2639 nunquam
1544 2580 1675 2619 esse
1706 2569 1962 2629 acutam,
1988 2558 2239 2637 ideoque
2267 2559 2326 2616 in
2357 2549 2700 2636 dissyllabis

508 2654 756 2734 priorem
788 2673 1023 2737 semper
1049 2657 1220 2724 aeui;
1264 2656 1423 2716 unde
1448 2657 1515 2716 fit
1543 2667 1608 2715 ut
1648 2654 1870 2715 ultimae
1900 2655 2107 2715 exilius
2137 2665 2370 2728 sonent,
2395 2663 2455 2713 et
2483 2653 2700 2712 obscu-

507 2752 627 2813 rius
656 2754 984 2814 audiantur.

544 2839 806 2923 xTerti0,
851 2851 911 2910 in
962 2850 1349 2930 polysyllabis
1395 2848 1740 2922 secundam,
1791 2850 1839 2912 si
1884 2848 2066 2929 longa
2096 2850 2191 2920 sit,
2239 2858 2473 2908 acutam
2528 2865 2697 2913 esse:

510 2946 657 3005 alias
687 2947 920 3006 tertiam
947 2950 1021 3006 ab
1050 2957 1308 3008 extrema
1333 2968 1349 3014 ς
1394 2948 1549 3006 intra
1581 2948 1754 3007 trium
1799 2946 1952 3007 enim
1984 2946 2340 3026 syllabarum
2370 2962 2699 3012 numerum,

510 3040 634 3100 sive
660 3041 755 3100 hae
783 3043 844 3100 in
872 3044 1049 3101 verbo
1080 3043 1225 3102 solae
1256 3042 1392 3115 sint,
1425 3043 1549 3101 sive
1578 3043 1821 3115 ultimae,
1849 3053 2082 3103 acutam
2112 3062 2343 3121 semper
2370 3039 2657 3100 contineri
2682 3056 2697 3096 ε

509 3136 783 3215 ideoque,
812 3137 862 3195 si
890 3136 1089 3215 plures
1119 3149 1351 3197 acutam
1381 3139 1811 3217 praecesserint,
1840 3157 2045 3199 omnes
2077 3157 2284 3218 graves
2307 3157 2460 3209 esse,
2480 3137 2700 3215 pariter

508 3251 578 3291 ac
607 3232 762 3305 illas,
790 3254 925 3314 quae
955 3244 1301 3313 sequuntur.

532 3323 539 3328 ’
590 3330 839 3402 Quart0,
866 3350 1001 3391 cum
1031 3331 1298 3411 syllabae,
1328 3352 1504 3411 quam
1535 3346 1745 3392 acutus
1775 3344 1943 3391 tenor
1971 3340 2245 3409 occupat,
2273 3348 2343 3389 ex
2371 3328 2699 3388 intentione

507 3424 657 3505 ejuS,
687 3445 841 3487 nova
866 3427 1141 3507 quoedam
1179 3430 1481 3508 quantitas
1511 3428 1782 3501 accedat,
1812 3427 1971 3488 istud
2010 3428 2430 3487 incrementum
2459 3425 2698 3504 quanti-

507 3522 645 3581 tatis
673 3521 747 3581 de
777 3522 1005 3603 syllaba
1030 3524 1290 3603 proxime
1320 3524 1694 3604 praecedente
1723 3522 2162 3603 quodammodo
2190 3521 2418 3582 detrahi
2445 3521 2697 3592 videtur,

505 3618 648 3677 dum
681 3609 796 3680 vox
846 3607 1140 3700 loquentis¹
1185 3640 1290 3700 per
1317 3641 1445 3681 eam
1482 3631 1647 3699 rapte
1676 3621 1877 3693 fertur,
1928 3631 1993 3680 ut
2022 3619 2097 3679 ad
2128 3628 2359 3679 acutam
2387 3618 2606 3690 veniat,
2636 3617 2696 3674 in

506 3734 626 3795 qua
651 3706 935 3795 insignior
963 3736 1125 3776 mora
1174 3717 1487 3777 faciendae
1541 3717 1682 3776 hinc
1725 3736 1838 3777 usu
1893 3717 2053 3776 venit
2105 3724 2173 3774 ut
2225 3714 2456 3795 syl-laba
2501 3723 2695 3773 acutae

504 3812 770 3891 proxima
793 3831 899 3893 pro
935 3822 1206 3893 correpta
1229 3799 1542 3885 habeatur,
1592 3811 1936 3892 breviorque
1982 3810 2466 3889 acutayideatur,
2518 3810 2697 3870 etiam

506 3927 638 3966 cum
683 3908 815 3987 ipsa
841 3901 1080 3987 quoque
1128 3909 1323 3970 brevis
1359 3918 1487 3994 est.⁴
1555 3907 1840 3988 Exempla
1884 3908 2060 3989 hujus
2103 3908 2255 3970 infra
2283 3907 2523 3968 afferam
2572 3907 2695 3966 cla-

503 4023 754 4064 tissima.

588 4099 831 4173 Quinto,
862 4113 1140 4163 accentus
1166 4102 1426 4182 legitime
1469 4102 1685 4182 migrat
1710 4113 1781 4163 ex
1809 4101 2137 4183 penultima
2177 4101 2237 4158 in
2265 4099 2532 4159 ultimam
2561 4098 2691 4159 lon·

508 4191 664 4274 garn,
713 4198 943 4277 quoties
972 4200 1320 4260 vocialicui
1368 4199 1641 4261 enclitica
1684 4199 1962 4279 adjuncta
2012 4208 2125 4274 est,
2169 4217 2303 4258 cum
2348 4196 2462 4255 hoc
2512 4205 2689 4281 paeto
