3050 4942
913 364 1009 413 ns
1058 363 1338 412 nuruis
1385 362 1926 414 ΤΕΒΕΝΤιΑΝιε.
2388 346 2517 412 241

323 509 476 568 Cum
503 508 590 569 sic
619 508 1155 589 caesura-ponenda·
1183 518 1362 583 esset,
1415 591 1418 595 ⁴

564 638 941 699 Concurrunt
965 639 1089 700 laeti
1115 640 1198 700 mi
1222 640 1456 701 obviam
1491 638 1502 721 Ι
1539 638 1902 719 cuppediarii
1931 656 2155 711 omneS,
2261 631 2267 641 ⁵

566 734 804 808 (letarii,
833 736 997 805 lanii,
1024 737 1218 817 coqui,
1255 735 1267 818 Ι
1302 737 1571 806 fartores,
1606 736 1953 814 piscatores.

324 861 479 922 Illud
508 882 743 944 quoque
772 863 832 924 in
860 863 975 924 hoc
1004 883 1218 944 genere
1247 862 1705 936 observandum,
1734 862 1944 943 pedem
1970 864 2134 922 illum
2161 871 2298 923 ante
2326 882 2516 923 caesu-

323 979 469 1033 ram,
497 962 579 1019 mi
606 961 858 1033 obviam,
888 971 968 1033 et,
996 962 1015 1021 i
1044 963 1219 1042 coqui
1244 982 1493 1043 semper,
1519 971 1588 1021 ut
1615 961 1735 1034 hic,
1777 961 2059 1020 creticum
2087 960 2179 1020 vel
2210 960 2263 1020 ei
2292 962 2518 1040 ἰσόχρυ-

324 1082 424 1117 νον
451 1056 646 1118 media
669 1059 831 1118 brevi
860 1079 993 1119 esse
1021 1070 1318 1139 oportere:
1363 1059 1591 1119 nullum
1633 1058 1729 1118 hic
1757 1057 1917 1137 apud
1956 1058 2238 1118 Nostrum
2266 1057 2520 1116 licentiae

322 1155 522 1215 locum
550 1174 721 1223 esse3
765 1174 885 1215 non
915 1156 1104 1236 magis
1134 1175 1311 1235 quam
1351 1157 1410 1216 in
1453 1157 1573 1217 fine
1612 1155 1848 1215 senarii.
1931 1155 2080 1215 Haec
2108 1175 2383 1216 versuum
2412 1155 2523 1214 bo-

325 1272 450 1311 rum
479 1251 711 1313 indoles
739 1262 802 1313 et
828 1252 958 1313 sola
985 1253 1176 1333 gratia
1202 1262 1332 1313 est:
1362 1270 1538 1333 quam
1566 1252 1625 1311 in
1656 1262 1862 1312 nostra
1889 1251 2143 1312 editione
2168 1252 2523 1312 incolumem

325 1349 582 1417 habent;
613 1349 673 1409 in
699 1350 988 1430 prioribus
1016 1371 1156 1425 ¹vero
1184 1359 1325 1412 ante
1351 1370 1462 1413 nos
1490 1349 1810 1411 innumeris
1833 1348 2063 1409 mendis
2093 1348 2521 1428 strangulatam

329 1458 387 1508 et
413 1447 732 1527 sepultam.

681 1623 1034 1703 casnm,
1075 1625 1544 1701 BAccmAci,
1588 1595 2174 1688 cH'omAMmffl.

412 1762 620 1835 Porro,
660 1784 839 1844 super
885 1765 997 1825 hos
1039 1766 1325 1828 iambicos
1369 1763 1840 1847 trochaicosque,
1891 1766 2064 1826 etiam
2105 1764 2360 1837 creticiS,
2389 1765 2529 1822 bac-

335 1861 573 1934 chiacis,
602 1862 1127 1944 choriambicisque
1155 1866 1442 1938 versibus,
1466 1864 1571 1924 sed
1599 1863 1780 1924 semel
1801 1872 2029 1923 tantum
2052 1861 2325 1941 singulis,
2348 1861 2530 1920 utitur

333 1957 678 2029 Terentius3
722 1960 926 2040 eisque
963 1961 1022 2019 in
1051 1961 1331 2022 monodia
1358 1960 1669 2034 duntaxat,
1698 1978 2002 2038 nunquam
2030 1959 2089 2017 in
2121 1958 2416 2018 diverbio:
2447 1955 2529 2030 hi,

334 2057 602 2137 ringente
630 2059 773 2119 licet
796 2057 1038 2132 invidia,
1080 2060 1253 2131 nobis
1283 2079 1346 2120 se
1376 2057 1537 2141 apud
1566 2052 1852 2118 Nostrum
1879 2055 2139 2115 debent:

331 2203 607 2255 Creticus:
801 2203 973 2256 Tanta
994 2221 1058 2256 ve
1086 2204 1096 2272 Ι
1124 2203 1301 2257 cordia
1323 2207 1378 2257 in
1404 2206 1415 2273 Ι
1443 2207 1568 2257 nata
1585 2205 1824 2272 cuiquam
1852 2203 1862 2270 Ι
1890 2205 1949 2254 ut
1971 2205 2090 2255 siet.

808 2286 1039 2337 castitas
1094 2287 1104 2352 Ι
1133 2288 1347 2339 castitas
1408 2288 1419 2354 Ι
1447 2287 1677 2339 castitas*
1851 2285 1861 2351 1
1890 2282 2125 2336 castitas.

334 2361 690 2416 Bacchiacns:
809 2364 996 2418 Adhuc
1016 2364 1095 2418 Ar
1121 2368 1133 2432 Ι
1159 2368 1324 2433 chylis
1347 2384 1463 2434 quae
1487 2367 1552 2417 ad
1582 2366 1596 2432 Ι
1621 2366 1788 2418 εοίέηῑ
1810 2381 2026 2432 quaeque
2055 2364 2064 2432 Ι
2094 2364 2321 2430 oportet.

805 2448 1070 2499 Honestas
1097 2448 1108 2514 Ι
1134 2449 1375 2500 honestas
1403 2448 1413 2515 Ι
1442 2448 1681 2500 honestas
1703 2448 1721 2513 1
1747 2448 2005 2498 honestas.

337 2527 756 2583 Choriambicua:
811 2527 1104 2593 'Obstipuit
1141 2529 1152 2594 Ι
1182 2530 1398 2594 pectore
1420 2530 1558 2597 conl
1588 2531 1773 2580 sistere
1792 2529 1863 2577 nil
1891 2528 1899 2593 Ι
1929 2527 2108 2578 consili
2130 2529 2261 2592 quit.

810 2609 1112 2661 contremui
1140 2610 1151 2676 Ι
1180 2610 1471 2661 contremui
1540 2610 1552 2675 Ι
1580 2610 1869 2660 contremui
1897 2608 1907 2675 Ι
1936 2608 2298 2659 contremisco.

342 2732 418 2792 Hi
446 2743 671 2808 tamen,
720 2752 880 2792 more
911 2733 1149 2805 GraecO,
1190 2734 1575 2793 novissimum
1617 2731 1726 2792 sibi
1768 2751 2001 2791 versum
2032 2731 2271 2808 alterius
2301 2732 2532 2810 generis

343 2842 671 2903 assumunt,
700 2839 764 2888 ut
789 2849 896 2909 pro
924 2829 1180 2911 rhythmi
1208 2829 1432 2890 ratione
1460 2848 1595 2889 cum
1627 2827 1875 2907 strepitu
1905 2847 1976 2887 ac
1998 2845 2212 2888 canore
2234 2827 2533 2887 finiantur.

1192 3049 1672 3114 cLAUSULAE.

425 3168 518 3229 De
544 3166 827 3228 clausulis
857 3167 943 3227 sic
970 3167 1160 3227 Varro
1186 3168 1347 3246 apud
1376 3166 1681 3240 Rufinum,
1710 3187 1770 3246 p.
1802 3170 1980 3228 2707.
2027 3176 2043 3204 ‘
2076 3169 2390 3231 Clausulas
2420 3172 2538 3252 pri-

347 3284 503 3325 mum
559 3264 887 3345 appellatas
942 3264 1169 3338 dicunt,
1209 3265 1372 3344 quod
1428 3264 1775 3327 clauderent
1825 3267 2175 3327 sententiam
2200 3287 2215 3329 z
2266 3277 2331 3328 ut
2378 3268 2537 3349 apud

347 3361 590 3422 Accium
614 3381 630 3421 ε

668 3455 761 3516 An
790 3457 939 3518 haec
957 3458 1083 3538 jam
1109 3458 1277 3519 obliti
1304 3459 1445 3519 sunt
1469 3457 1784 3541 Phryges?

350 3554 791 3634 Nonnunquam
819 3554 895 3614 ab
919 3554 1012 3614 his
1039 3555 1266 3616 initium
1297 3555 1402 3623 fit;
1446 3566 1514 3615 ut
1542 3555 1702 3636 apud
1732 3555 2076 3616 Caecilium:

833 3649 912 3708 Di
938 3650 1099 3723 boni,
1126 3649 1270 3729 quid
1296 3649 1456 3710 hoc?

351 3746 509 3826 apud
531 3746 907 3807 Terentium:
1313 3745 1652 3806 Discrucior
1678 3746 1900 3806 animi.’

354 3842 512 3905 Huic
537 3842 762 3905 ultimae
792 3842 947 3903 adde
968 3842 1143 3904 aliam
1171 3863 1244 3903 ex
1272 3835 1492 3902 Nostro
1516 3861 1534 3902 t
1637 3889 1644 3892 -

1230 3929 1459 3999 Occidi.

356 4036 633 4096 Ceterum
660 4035 735 4095 de
761 4035 1045 4096 clausulis
1073 4037 1184 4096 hoc
1211 4051 1333 4095 uno
1364 4036 1543 4095 verbo
1571 4035 1791 4095 dixisse
1820 4033 2106 4096 sufficiat:
2138 4035 2187 4094 si
2216 4036 2291 4096 ab
2319 4035 2403 4095 eis
2432 4035 2541 4095 ini-

355 4132 499 4192 tium
527 4135 614 4205 fit,
640 4134 843 4193 liberae
872 4143 1012 4193 sunt
1037 4144 1098 4193 et
1123 4132 1344 4193 nullius
1374 4133 1544 4193 metri
1585 4133 1815 4212 legibus
1845 4134 2101 4193 astrictae
2126 4154 2141 4192 ε
2186 4133 2274 4192 sin
2306 4143 2544 4193 senten-

355 4228 495 4289 tiam
534 4227 843 4302 claudunt,
887 4248 924 4287 a
965 4229 1438 4308 praecedentibus
1483 4229 1676 4309 legem
1723 4231 2036 4311 accipiunt.
2121 4230 2363 4291 Scilicet
2397 4209 2546 4309 ³post

485 4341 665 4406 Delph.
682 4347 733 4392 et
750 4341 866 4393 Vur.
888 4341 1019 4396 ctas.
1364 4342 1554 4392 Terent.
2366 4338 2415 4393 Q
