3050 4942
910 385 1010 442 ns
1058 384 1342 434 unrms
1387 354 1931 434 rnnnn‘rmrns.
2385 365 2522 432 243

566 542 817 603 Tardior
842 552 911 604 ut
931 543 1121 625 'paulo
1144 543 1489 623 graviorque
1517 541 1745 601 veniret
1771 540 1849 601 ad
1880 535 2076 616 aures,
2104 551 2111 557 '

568 638 903 719 Spondoeos
930 638 1173 699 stabiles
1202 639 1261 697 in
1282 638 1421 718 jura
1442 646 1692 717 paterna
1717 640 1942 719 recepit'

569 736 934 796 Commodus
962 746 1023 797 et
1044 736 1311 816 patiens;
1355 754 1474 796 non
1501 746 1570 796 ut
1598 735 1674 796 de
1702 736 1848 797 sede
1875 735 2141 797 secunda

575 833 830 895 Cederet
855 843 959 893 aut
984 841 1199 913 quarta
1225 831 1555 894 socialiter:
1596 831 1695 892 hic
1721 842 1785 893 et
1812 833 1869 891 in
1900 832 2047 894 Acci

575 927 889 989 Nobilibus
916 928 1194 989 trimetris
1221 935 1468 1009 apparet
1490 947 1657 990 rarus
1696 939 1759 988 et
1785 929 1963 989 Enni.

576 1026 646 1085 ln
674 1045 912 1086 scenam
935 1027 1153 1087 missus
1181 1046 1315 1087 cum
1341 1045 1562 1105 magno
1587 1025 1849 1105 pondere
1876 1046 2078 1087 versus

576 1122 697 1181 Aut
720 1140 919 1202 operoe
947 1122 1152 1184 celeris
1181 1121 1423 1181 nimium
1452 1142 1714 1202 curaque
1744 1125 2025 1194 carentis,

579 1219 700 1279 Aut
726 1219 1015 1298 ignoratae
1041 1220 1251 1300 premit
1278 1222 1420 1281 artis
1446 1221 1689 1282 crimine
1713 1221 1893 1301 turpi.

582 1314 719 1374 Nou
739 1315 944 1394 quivis
974 1316 1133 1377 videt
1158 1316 1544 1378 immodulata
1569 1320 1849 1397 poemata
1866 1315 2054 1397 judex
2079 1336 2094 1375 ι

580 1411 655 1470 Et
685 1412 828 1472 data
847 1413 1135 1474 Romanis
1163 1415 1339 1474 venia
1365 1423 1460 1475 est
1485 1414 1735 1495 indigna
1759 1415 1975 1495 po'etis.

583 1506 889 1570 Idcircone
912 1529 1111 1590 vager,
1140 1511 1511 1591 scribamque
1538 1510 1822 1572 licenter?
1861 1520 1931 1572 ut
1955 1527 2160 1571 omnes

516 1651 517 1654 ,
582 1602 830 1665 Visuros
857 1617 1103 1685 peccata
1132 1617 1332 1687 putem
1359 1626 1512 1680 mea,
1538 1616 1705 1667 tutus
1732 1618 1796 1667 et
1822 1608 1977 1667 intra

587 1700 767 1781 Spem
794 1704 984 1764 venioe
1011 1703 1265 1764 cautus?
1308 1703 1484 1765 vitavi
1512 1703 1772 1782 denique
1800 1702 2061 1782 eulpam,

583 1798 722 1858 Non
749 1800 986 1861 laudem
1013 1804 1221 1863 merui.
1300 1804 1426 1863 Vos
1448 1804 1809 1882 exemplaria
1837 1802 2059 1863 Groeca

591 1895 902 1959 Nocturna
928 1910 1160 1961 versate
1185 1921 1388 1975 manu,
1412 1909 1647 1962 versate
1679 1900 1916 1960 diurna.

592 1992 672 2052 At
695 1994 876 2055 vestri
898 2000 1102 2075 ¹proavi
1129 1989 1441 2058 Plautinos
1468 2006 1532 2058 et
1558 2017 1835 2058 numeros
1860 2006 1922 2057 et

593 2089 935 2153 Laudavere
966 2095 1159 2156 sales:
1202 2094 1445 2155 nimium
1472 2094 1767 2175 patienter
1793 2097 2129 2171 utrumque,

597 2186 688 2246 Ne
717 2187 933 2260 dicam,
963 2190 1144 2249 stulte
1171 2190 1397 2259 mirati;
1444 2190 1492 2251 si
1521 2190 1703 2251 medo
1729 2210 1845 2269 ego
1872 2197 1934 2249 et
1960 2208 2066 2249 vos

598 2283 828 2345 Scimus
857 2286 1209 2348 inurbanum
1232 2286 1434 2367 lepido
1465 2304 1752 2366 seponere
1782 2286 1961 2359 dicto,

597 2380 1069 2462 Legitimumque
1095 2402 1308 2444 sonum
1336 2377 1541 2463 digitis
1561 2383 1853 2443 callemus
1879 2391 1940 2442 et
1968 2399 2128 2441 aure.

355 2524 635 2587 Candide
664 2525 855 2605 magis
884 2525 959 2600 de
986 2526 1060 2587 iis
1078 2526 1332 2605 judicat,
1353 2527 1805 2588 venustissimus
1834 2527 1895 2587 in
1925 2526 2087 2586 tenui
2118 2523 2358 2584 materia
2380 2523 2560 2604 scrip-

337 2634 467 2714 tor,
497 2621 889 2691 Terentianus
916 2624 1184 2717 Maurus,
1214 2644 1273 2702 p.
1306 2625 1490 2682 2433.

765 2752 1056 2834 Culpatur
1080 2761 1291 2816 autem·
1312 2768 1515 2812 versus
1542 2748 1605 2808 in
1631 2746 1984 2828 Tragoediis,

762 2845 844 2909 Et
866 2868 1032 2910 rarus
1061 2850 1243 2909 intrat
1269 2866 1342 2907 ex
1355 2844 1581 2907 iambis
1609 2843 1921 2906 omnibus:

775 2947 858 3006 Ut
882 2946 983 3007 ille
1002 2957 1238 3018 contra,
1267 2944 1367 3025 qui
1396 2941 1665 3006 secundo
1692 2950 1753 3001 et
1777 2939 1996 3001 talibus

771 3042 1115 3124 Spondoeon
1143 3055 1246 3103 aut
1274 3062 1450 3122 quem
1479 3058 1814 3121 comparem
1842 3036 2143 3118 receperit.

773 3140 895 3201 Sed
921 3140 1025 3220 qui
1050 3139 1357 3220 pedestres
1385 3137 1620 3199 fabulas
1650 3137 1840 3197 Soeeo
1866 3141 2158 3214 premunt,

771 3237 857 3296 Ut
880 3257 1016 3316 quoe
1043 3236 1367 3314 loquuntur
1393 3243 1593 3298 sumta
1612 3232 1688 3294 de
1715 3232 1841 3292 vita
1866 3242 2060 3310 puteS,

775 3333 1008 3394 Vitiant
1033 3331 1270 3393 iambon
1297 3330 1586 3392 tractibus
1616 3327 1979 3408 spondaicis,

777 3430 857 3490 Et
884 3430 944 3489 in
976 3428 1242 3491 secundo
1268 3437 1329 3487 et
1354 3426 1568 3488 ceteris
1596 3444 1770 3505 aeque
1796 3421 1984 3484 locis:

780 3524 1107 3605 Fidemque
1134 3524 1289 3586 fictis
1311 3521 1454 3583 dum
1481 3530 1803 3601 procurant
1827 3518 2074 3591 fabulis,¹

786 3624 854 3684 In
885 3633 1074 3684 metra
1098 3629 1372 3703 peccant,
1400 3628 1549 3692 arte,
1575 3636 1697 3678 non
1724 3616 1959 3678 inscitia
1979 3636 2000 3676 ε,

785 3720 880 3780 Ne
911 3718 1030 3778 sint
1056 3735 1273 3777 sonora
1298 3715 1478 3776 verba
1503 3708 1978 3781 consuetudinis,

786 3816 1158 3896 Paulumque
1185 3830 1389 3873 rursus
1420 3830 1456 3869 a
1480 3808 1689 3870 solutis
1707 3804 2007 3866 differant.

786 3913 988 3993 Magis
1017 3912 1123 3974 illa
1151 3908 1375 3972 nostri:
1421 3926 1559 3968 nam
1583 3906 1711 3968 *fere
1741 3901 1973 3962 Graecis
2000 3909 2178 3960 tenax

782 4010 945 4069 Cura
972 4017 1066 4069 est
1091 4006 1291 4077 iambi,
1321 4005 1413 4067 vel
1433 4002 1683 4064 novellis
1711 3998 1977 4070 comicis,

789 4106 901 4167 Vel
928 4106 1029 4186 qui
1056 4113 1291 4166 vetusta
1316 4101 1647 4182 praecluent
1673 4094 1999 4159 Comoedia.

390 4221 668 4283 Ceterum
719 4219 880 4299 quod
929 4219 991 4280 in
1035 4218 1302 4299 utrisque
1343 4216 1639 4295 vituperat
1664 4211 1939 4283 Flaccus,
1981 4214 2043 4268 et
2082 4205 2161 4302 in*
2184 4201 2440 4265 Cornicis
2479 4217 2581 4259 ex-
