3050 4942
542 352 632 417 46
1077 365 1176 413 DE
1223 363 1639 415 TRAoOEmA
1694 363 1785 413 ιη·
1833 362 2216 413 comosum.

546 529 708 590 soepe
753 510 829 571 ab
882 508 1166 572 historica
1217 508 1338 570 fide
1390 507 1629 590 petitur.
1715 507 1941 571 Latium
1994 505 2240 569 Fabulae
2283 506 2471 587 ptimo
2516 525 2553 566 a
2582 505 2745 569 Livio

545 607 888 670 Andronico
916 608 1151 688 scriptae
1172 616 1331 679 sunt,
1362 605 1534 680 adeo,
1550 616 1619 667 ut
1634 605 1710 667 ad
1728 604 1838 667 has
1861 624 1952 666 res
1970 606 2145 667 etiam
2164 615 2287 667 tum
2306 615 2572 667 recentes
2589 602 2747 667 idem

462 770 473 780 ⁶
543 715 605 765 et
619 707 796 785 poeta
823 714 885 766 et
912 713 1077 767 actor
1104 704 1457 769 Fabularum
1490 724 1727 765 suarum
1750 704 1982 767 fuisset.
2045 702 2370 765 Comoedioe
2397 712 2598 763 autem
2618 720 2748 762 mo·

542 802 710 863 toriae
739 812 898 876 sunt,
920 810 1023 863 aut
1041 802 1322 874 statariae,
1343 814 1448 863 aut
1463 801 1677 864 mistae.
1721 801 2019 873 Μοῑοιίεε,
2037 800 2433 863 turbulentae:
2464 797 2746 869 statariae,

544 899 895 978 quietiores:
925 898 1139 971 mistae‚
1160 917 1234 959 ex
1248 908 1501 977 utroque
1523 907 1661 961 actu
1684 900 2101 961 consistentes.
2146 897 2458 958 Comoedia
2477 916 2582 979 per
2598 914 2750 975 qua-

543 1008 678 1059 tuor
701 1006 901 1077 partes
933 993 1247 1064 dividitur:
1290 995 1626 1076 prologum,
1669 994 1959 1076 protasio,
1984 995 2260 1076 epitasin,
2307 992 2748 1073 catastrophen.

544 1090 836 1173 Prologus
886 1107 981 1153 est
1026 1092 1192 1154 velut
1232 1092 1504 1172 praefatio
1550 1091 1830 1173 quaedam
1877 1092 2138 1152 fabulae:
2182 1090 2243 1153 in
2274 1109 2393 1170 quo
2444 1088 2573 1151 solo
2609 1088 2753 1149 licet

542 1198 758 1267 praeter
785 1199 1196 1270 argumentum
1244 1189 1467 1269 aliquid
1517 1189 1597 1251 ad
1651 1188 1959 1269 populum,
2012 1188 2108 1249 vel
2149 1206 2223 1249 ex
2270 1188 2491 1266 poetae,
2533 1185 2629 1245 vel
2675 1192 2753 1246 ex'

544 1284 731 1366 ipsius
779 1286 1018 1358 fabulae,
1060 1287 1155 1346 vel
1181 1304 1256 1345 ex
1303 1285 1520 1351 actoris
1559 1284 1894 1359 commodo,
1941 1284 2125 1365 loqui.
2217 1283 2483 1345 Protasis
2526 1283 2751 1363 primus

508 1378 637 1444 ‘est
680 1392 872 1456 actus,
921 1382 1266 1463 initiumque
1313 1382 1621 1444 dramatis.
1732 1382 1993 1463 Epitasis
2036 1386 2461 1447 incrementum
2509 1400 2752 1462 proces-

545 1496 765 1557 susque
792 1482 1127 1543 turbarum:
1173 1500 1245 1543 ac
1274 1481 1478 1551 totius,
1509 1491 1578 1541 ut
1610 1481 1694 1542 ita
1720 1480 1990 1565 dixerim,
2035 1494 2234 1545 motus
2267 1482 2499 1543 erroris.
2563 1479 2751 1539 Cata-

545 1576 787 1657 strophe
815 1580 1124 1656 conversio
1150 1599 1342 1640 rerum
1370 1588 1466 1640 est
1488 1578 1571 1640 ad
1603 1579 1907 1660 jucundos
1936 1580 2153 1656 exitus,
2181 1580 2482 1663 patefacta
2514 1577 2750 1640 cunctis

542 1674 881 1753 cognitione
907 1686 1228 1755 gestorum.

626 1769 937 1833 Comoedia.
962 1782 1056 1833 est
1083 1773 1283 1835 fabula
1302 1776 1357 1807 ¹⁰
1397 1772 1635 1836 diversa
1653 1774 1930 1835 instituta
1955 1773 2291 1847 continenS,
2311 1771 2753 1849 affectuumque

541 1867 798 1931 civilium
843 1888 916 1931 ac
965 1871 1361 1950 privatorum:
1419 1872 1637 1952 quibus
1682 1872 1953 1945 discitur,
2008 1871 2155 1951 quid
2199 1871 2279 1931 sit
2325 1869 2387 1929 in
2413 1869 2538 1929 vita
2586 1867 2756 1939 utile,

543 1964 683 2043 quid
731 1974 939 2029 contra
993 1967 1359 2035 evitandum,
1442 1969 1618 2030 Hanc
1666 1969 1864 2029 Graeci
1894 1969 1981 2029 sic
2027 1966 2341 2029 definiere:
2365 1967 2415 1999 ⁸⁸
2460 1962 2754 2047 Koepqssfis

544 2065 699 2124 ἐστὶν
744 2062 1035 2125 ἰδιωτικῶν
1062 2069 1154 2124 καὶ
1196 2070 1497 2128 πολιτικῶν
1545 2072 1897 2147 πραγμάτων
1943 2064 2236 2126 ἀκίνδυνος
2282 2065 2545 2145 περιοχή.
2628 2060 2756 2122 Co·

542 2158 819 2219 moediam
867 2178 1002 2220 esse
1053 2160 1263 2222 Cicero
1292 2161 1396 2233 ait,
1437 2160 1872 2222 ‘imitationem
1918 2161 2077 2234 vitoe,
2129 2161 2439 2243 speculum
2487 2178 2753 2220 consue-

544 2254 789 2330 tudinis,
838 2256 1156 2338 imaginem
1199 2258 1504 2320 veritatis?
1608 2258 1934 2322 Comoediae
1978 2270 2177 2319 autem
2218 2275 2256 2317 a
2302 2276 2465 2318 more
2502 2256 2753 2335 antiquo

543 2350 763 2414 dictee:
823 2352 965 2432 quia
1010 2353 1073 2413 in
1099 2354 1247 2415 vicis
1296 2353 1637 2435 hujusmodi
1682 2354 1945 2416 carmina
1985 2355 2151 2416 initio
2190 2355 2542 2435 agebantur,
2584 2351 2755 2433 apud

545 2447 834 2510 Graecos:
877 2459 945 2509 ut
971 2450 1034 2510 in
1062 2450 1236 2510 ltalia
1258 2450 1660 2533 compitalitiis
1688 2451 1951 2526 ludicris,
1976 2452 2232 2513 admisto
2254 2448 2756 2531 pronuntiationis

542 2545 808 2620 modulo,
837 2566 979 2626 quo,
1007 2546 1150 2607 dum
1180 2558 1349 2609 actus
1377 2559 1834 2623 commutantur,
1850 2549 2109 2631 populus
2130 2546 2578 2612 detinebatur.¹²
2621 2547 2755 2609 Aut

541 2642 657 2703 ἀπὸ
685 2653 798 2704 τῶν
826 2654 1043 2724 κωμῶν,
1071 2642 1187 2706 hoc
1213 2655 1328 2717 est,
1373 2646 1450 2706 ab
1478 2655 1619 2706 actu
1649 2646 1788 2707 vitae
1813 2645 2141 2720 hominum,
2184 2645 2288 2725 qui
2315 2645 2376 2705 in
2402 2644 2550 2704 vicis
2575 2643 2754 2703 habi·

542 2739 771 2814 tabant,
799 2741 878 2801 ob
907 2740 1374 2803 mediocritatem
1400 2742 1805 2804 fortunarum:
1845 2762 1964 2804 non
1993 2742 2056 2802 in
2087 2741 2239 2803 aulis
2269 2740 2473 2822 regiis„
2507 2750 2577 2801 ut
2603 2749 2753 2808 sunt

543 2854 815 2916 personae
836 2839 1103 2919 tragicae.
1187 2840 1496 2902 Comoedia
1522 2860 1685 2915 vero,
1711 2841 1852 2922 q'uia
1872 2842 2088 2921 poema
2113 2840 2226 2900 sub
2249 2838 2581 2900 imitatione
2608 2836 2751 2898 vitae

543 2944 724 3012 atque
749 2954 979 2997 morum
999 2936 1384 2999 similitudine
1410 2939 1804 3019 compositum
1832 2948 1947 3012 est,
1987 2938 2051 2997 in
2089 2946 2263 3017 gestu
2299 2946 2365 2997 et
2400 2933 2754 3015 pronuntia·

544 3029 705 3091 tione
732 3033 1026 3093 consistit.
1111 3034 1478 3096 comoediam
1507 3036 1669 3117 apud
1708 3035 1956 3097 Graecos
1986 3034 2232 3095 dubium
2272 3041 2369 3093 est
2401 3031 2537 3113 quis
2581 3030 2752 3090 inve-

543 3127 696 3187 nerit
723 3129 984 3207 primus:
1030 3130 1189 3210 apud
1211 3132 1453 3193 Latinos
1482 3145 1709 3205 certum
1731 3144 1846 3196 est.
1910 3132 2279 3194 Comoediam
2306 3139 2369 3189 et
2393 3125 2752 3208 tragoediam

545 3232 808 3302 togatum
826 3224 1015 3304 primo
1037 3225 1233 3288 Livius
1252 3226 1635 3291 Andronicus
1653 3232 1902 3311 reperit:
1946 3230 2166 3310 aitque,
2206 3235 2223 3264 ‘
2243 3225 2593 3288 comoediam
2609 3243 2749 3285 esse

542 3319 907 3398 quotidiana
933 3321 1073 3383 vitae
1101 3325 1410 3405 speculum
1431 3343 1448 3386 ε
1468 3325 1487 3353 ’
1527 3347 1642 3389 nec
1668 3327 1904 3408 injuris.
1965 3328 2141 3400 Nam,
2167 3334 2238 3386 ut
2256 3324 2469 3385 intenti
2497 3321 2747 3401 speculo

543 3416 806 3477 veritatis
834 3418 1196 3481 lineamenta
1234 3422 1411 3483 facile
1453 3443 1562 3504 per
1606 3425 1893 3505 imagines
1930 3423 2298 3504 colligimus:
2356 3421 2443 3480 ita
2486 3418 2749 3479 lectione

543 3512 853 3576 comoediae
898 3515 1284 3582 imitationem
1310 3520 1449 3582 vitae
1491 3522 2062 3602 consuetudinisque
2106 3540 2226 3581 non
2272 3517 2576 3600 aegerrime
2622 3515 2749 3576 ani'-

609 3747 673 3795 ιο
710 3745 948 3799 commata
967 3747 1245 3815 ecfututa]
1276 3749 1341 3802 In
1377 3752 1506 3805 Mas.
1527 3754 1604 3806 210
1752 3760 1810 3807 ιι
1848 3755 1994 3806 Hm
2028 3751 2194 3804 omes
2225 3751 2296 3802 σεο
2338 3744 2588 3814 definiere]
2620 3743 2747 3794 Βίο-

544 3826 654 3870 est:
711 3822 795 3873 De
841 3825 1098 3877 emelia.
1166 3828 1404 3880 Commta
1446 3837 1518 3881 ost
1549 3831 1602 3893 s.
1682 3833 1820 3883 med.
1842 3831 2026 3883 Grsm.
2046 3829 2137 3879 lib.
2157 3841 2247 3878 m.
2284 3824 2375 3875 ubi
2396 3823 2580 3874 eadem
2618 3816 2748 3870 defi-

545 3893 696 3946 Adeo
734 3904 811 3960 ut,
844 3914 962 3965 (με
986 3911 1291 3968 sequuntur,
1310 3918 1412 3959 nou
1433 3907 1602 3958 Evan-
1681 3908 1810 3960 nitio
1826 3903 2164 3970 hebetantem)
2181 3903 2430 3954 muer
2450 3912 2552 3949 ⁰⁰¹¹
2576 3895 2746 3947 &fidit-

544 3970 641 4020 thii
692 3975 933 4039 amplius,
977 3978 1073 4028 sed
1114 3980 1328 4030 alterius
1373 3982 1603 4032 auctoris
1679 3983 1828 4035 End.

541 4060 658 4098 esse
712 4049 1000 4103 videantur.
1054 4056 1133 4106 Id.
1213 4057 1602 4109 Westerhovius
1747 4063 1810 4110 12
1843 4058 2053 4124 Populus·
2093 4053 2417 4117 detinebatur]
2455 4049 2560 4101 ΜΒ·
2595 4061 2745 4113 ΡΨ·

545 4124 752 4176 ιιοιιιίιιε
787 4128 804 4155 ‘
821 4128 1117 4193 Fragmenti
1136 4133 1336 4185 Donati
1354 4134 1370 4158 ’
1399 4132 1599 4186 edidit:
1680 4136 1755 4186 lus
1770 4135 2081 4199 attinebatur,
2100 4139 2159 4184 ut
2179 4138 2237 4184 et
2257 4128 2353 4181 inf.
2386 4128 2467 4178 Id·

543 4201 667 4253 satis
686 4203 952 4259 audacter.
984 4207 1131 4261 Ζσυι.
