3050 4942
992 405 1262 454 vicroa
1311 406 1408 453 nu
1456 402 1838 454 commum.
2423 395 2512 459 5⁴7

312 546 516 605 minori
560 546 952 607 catalecticon
993 557 1394 609 tetrametrum
1434 549 1817 629 excogitavit,
1864 548 2357 629 Pherecratesque
2403 551 2511 611 sibi

314 661 541 702 versum
573 664 606 703 e
635 645 944 722 spondaeO,
971 645 1233 726 dactylo,
1260 656 1322 707 et
1342 647 1603 708 trochaeo
1629 647 2080 726 pulcherrimum
2103 647 2509 709 concinnavit:

316 757 422 800 nec
453 760 628 801 secus
657 743 901 822 Eupolis
932 753 1331 805 tetrametrum
1356 765 1429 805 ex
1458 746 1731 807 trochaeis
1763 745 2211 824 conglutinavit.
2296 740 2515 804 Verum

313 837 762 918 AristophaneS,
805 851 874 901 ut
910 841 969 900 in
1015 842 1286 903 omnibus
1333 854 1424 905 est
1467 852 1907 916 ποιητικώτατος,
1955 843 2016 902 in
2061 842 2175 902 hoc
2201 841 2377 903 etiam
2406 841 2509 901 ulli

313 935 522 997 cedere
567 937 776 998 noluit.
858 939 1180 1000 Iambicum
1225 942 1380 1001 enim
1426 940 2030 1021 hypercatalecticum
2061 950 2512 1010 monometrum,

313 1047 372 1094 et
410 1035 1045 1115 brachycatalecticum
1089 1037 1435 1109 trimetrum,
1480 1047 1574 1098 est
1615 1037 1762 1097 mira
1814 1035 2102 1096 suavitate
2151 1036 2512 1097 modulatus.

315 1132 568 1212 Insuper
594 1152 667 1191 ex
700 1134 1022 1212 anapaestis
1050 1134 1373 1194 trimetrum
1405 1134 1873 1207 acatalecticum,
1903 1153 1975 1193 ex
2003 1132 2355 1193 choriambis
2378 1151 2514 1192 vero

312 1240 738 1292 monometrum
776 1231 997 1310 primus
1025 1231 1285 1291 omnium
1316 1231 1680 1311 temperavit,
1730 1242 1909 1311 atque
1939 1231 2053 1290 alia
2079 1229 2381 1309 complura
2410 1249 2516 1308 per

315 1326 584 1389 Servium
600 1338 673 1388 ·et
700 1327 855 1389 illius
886 1330 1227 1411 interpretes
1264 1329 1619 1390 Fabularum
1648 1340 1954 1397 annotata,
2005 1349 2141 1408 quae
2170 1326 2515 1388 mortalibus

315 1423 465 1484 adeo
513 1426 886 1504 placuerunt,
936 1437 1002 1487 ut
1041 1428 1320 1487 barbaros
1365 1426 1544 1487 etiarn
1588 1425 1902 1486 Persarum
1945 1426 2172 1489 animos
2221 1423 2517 1502 potuerint

313 1519 668 1582 demulcere.
752 1524 983 1584 Etenim
1012 1524 1172 1604 apud
1213 1544 1316 1585 eos
1345 1523 1799 1604 Aristophanem
1829 1523 2161 1601 accepimus
2190 1521 2516 1601 praesertim

312 1637 347 1677 a
374 1637 516 1698 rege
544 1619 922 1683 celebratum.
1004 1623 1229 1681 Contra
1260 1641 1394 1682 vero
1424 1623 1599 1682 Nova
1628 1619 1934 1681 Comoedia
1962 1620 2207 1692 iambOS‚
2232 1628 2301 1679 ut
2328 1619 2509 1697 pluri-

313 1736 473 1775 mum
505 1717 680 1790 solet,
713 1727 996 1798 usurpat:
1039 1715 1541 1798 quemadmodum
1583 1736 1620 1776 a
1659 1717 1919 1789 StobeeO,
1950 1715 2289 1789 Plutarch0,
2320 1714 2515 1774 Gellio

312 1813 497 1874 citata
524 1814 842 1874 Menandri
869 1814 1131 1876 carmina
1148 1815 1588 1875 demonstrant.
1796 1874 1809 1884 ,

396 1910 584 1971 Binas
634 1922 920 1992 apparatu
977 1911 1348 1972 differentias
1399 1911 1663 1972 extitisse
1722 1908 2087 1990 grammatici
2127 1907 2514 1980 tradiderunt,

315 2027 451 2068 cum
481 2008 712 2069 scilicet
738 2010 799 2069 in
837 2011 1129 2089 personis,
1158 2023 1283 2070 tum
1316 2011 1376 2069 in
1413 2005 1554 2089 'ipsa
1580 2010 1748 2080 serie,
1790 2006 2342 2085 Comoediarumque
2373 2026 2517 2064 con-

314 2115 497 2165 textu.
563 2105 875 2166 Platonius
901 2106 1058 2167 enim
1088 2118 1295 2167 auctor
1322 2118 1416 2167 est
1442 2106 1677 2167 Veteris
1707 2103 2033 2166 Comoedias
2055 2105 2261 2183 poetas
2283 2123 2317 2162 e
2334 2123 2518 2163 scena

316 2202 527 2262 solitos
555 2221 691 2261 esse
716 2222 819 2262 eos
847 2203 1104 2263 educere
1125 2202 1496 2282 personatos,
1526 2202 1629 2283 qui
1659 2202 1857 2263 statim
1902 2222 1973 2262 ex
2006 2201 2136 2280 ipsa
2162 2200 2332 2273 facie,
2361 2220 2514 2279 quos

315 2309 520 2361 essent
545 2309 673 2359 toto
702 2318 880 2379 opere
922 2300 1201 2379 carpturi,
1245 2302 1679 2379 spectatoribus
1729 2299 2094 2359 indicarent:
2153 2309 2239 2370 ut,
2288 2297 2337 2357 si
2367 2297 2517 2357 forte

317 2397 444 2476 quis
463 2415 586 2456 non
612 2396 814 2457 audire
832 2398 1095 2457 carmina
1112 2408 1443 2478 cogeretur,
1462 2397 1539 2458 de
1555 2416 1809 2478 persona
1824 2407 2044 2468 tamen,
2066 2394 2338 2475 quisnam
2361 2408 2521 2459 esset

322 2492 1116 2574 deridendus‚agnosceret.
1201 2496 1323 2557 Sed
1351 2496 1579 2556 Comici
1614 2497 1991 2566 recentiores,
2029 2492 2104 2554 ad
2132 2491 2518 2555 excutiendos

322 2591 703 2672 potissimum
732 2591 909 2665 risus,
937 2592 1288 2652 histrionum
1332 2592 1514 2653 facies
1564 2593 2027 2672 configurarunt.
2115 2588 2207 2649 De
2235 2589 2523 2649 industria

314 2687 557 2767 quidem
583 2700 951 2749 monstrosos
979 2689 1282 2749 hominum
1311 2691 1509 2749 vultus
1548 2689 1830 2767 effingere
1856 2688 2246 2757 conabantur,
2292 2705 2366 2745 ne
2395 2686 2520 2745 cui-

314 2787 473 2866 piam
502 2787 654 2846 sorte
673 2787 911 2847 fortuna
934 2786 1252 2847 Macedoni
1274 2797 1416 2845 tunc
1444 2785 1728 2864 praefecto
1748 2783 1967 2843 similes
1991 2801 2123 2841 esse
2147 2780 2519 2844 viderentur:

317 2882 685 2964 proindeque
713 2884 888 2944 miser
931 2883 1029 2944 ille
1056 2886 1253 2965 po‘eta,
1294 2901 1414 2944 non
1441 2901 1615 2943 secus
1656 2900 1727 2942 ac
1758 2881 1809 2941 si
1846 2881 2157 2940 barbarum
2200 2877 2518 2959 principem

316 2980 461 3041 data
517 3000 701 3061 opera
751 2983 1164 3054 subsannaret,
1211 2980 1444 3059 publice
1493 2980 1914 3040 mulctaretur:
1957 2975 2108 3037 adeo
2153 2974 2365 3034 nobilis
2419 2974 2524 3034 illa

323 3078 675 3139 Graecorum
702 3078 985 3158 majestas
1012 3078 1257 3158 impuris
1291 3080 1759 3157 obtemperabat.
1842 3075 2073 3155 Quippe
2118 3072 2369 3133 distorta
2393 3091 2522 3132 cor-

317 3195 465 3254 pora
491 3175 828 3236 Menander
855 3175 929 3255 (si
955 3177 1228 3244 Platonio
1257 3176 1580 3250 credimus)
1608 3175 1902 3256 planeque
1932 3189 2304 3233 communem
2331 3167 2524 3245 homi-

319 3292 459 3349 num
490 3273 844 3334 excedentia
876 3284 1146 3333 naturam
1189 3273 1459 3353 personis
1508 3273 1867 3341 imitabatur,
1904 3269 2171 3349 profecto
2209 3264 2521 3345 sapienter,

319 3363 643 3443 Quoniam,
668 3371 865 3449 inquit
912 3371 1028 3442 ille,
1074 3389 1194 3431 non
1226 3372 1419 3432 solum
1470 3370 1714 3441 malum,
1759 3367 1864 3428 sed
1911 3377 1972 3426 et
1997 3363 2137 3425 mali
2166 3361 2405 3425 vitanda
2431 3373 2526 3422 est

325 3467 609 3548 suspicio.
692 3466 871 3538 ,Quod
900 3484 1095 3530 autem
1142 3469 1218 3529 ad
1250 3469 1494 3531 Fabulae
1539 3465 1795 3549 pertinet
1822 3473 2189 3532 contextum,
2220 3459 2438 3520 chorus
2461 3460 2521 3518 in

320 3584 507 3626 causa
532 3573 631 3624 est
657 3585 764 3625 cur
810 3566 963 3625 inter
1008 3584 1073 3624 se
1101 3565 1349 3626 Veteres
1401 3566 1673 3645 Novique
1720 3583 1842 3625 non
1880 3560 2213 3642 quadrent:
2254 3555 2544 3634 quando-.

318 3662 561 3740 quidem
591 3661 681 3720 illi
727 3661 891 3721 varia
934 3660 1215 3739 quaedam
1260 3660 1666 3723 modulamina
1692 3659 2122 3739 temperabant,
2148 3673 2282 3731 quae
2310 3651 2525 3712 chorus

318 3758 572 3839 singulis
605 3757 837 3819 actibus
887 3757 1297 3821 intercinendo
1324 3758 1560 3837 plebem
1614 3758 1743 3817 sine
1787 3755 1989 3826 toedi0,
2031 3768 2345 3830 quousque
2386 3747 2524 3807 novi

317 3855 738 3936 egrederentur
780 3853 1121 3925 histriones,
1174 3852 1487 3919 detineret.
1597 3853 1865 3932 Populus
1913 3850 2068 3911 enim
2121 3845 2521 3917 Atheniensis,

316 3963 614 4033 quatenus
664 3971 858 4011 rerum
902 3951 1179 4013 dominus
1224 3952 1572 4027 habebatur,
1615 3948 1934 4031 quotannis
1985 3944 2209 4007 AEdiles
2251 3943 2518 4015 creabat,

316 4050 419 4129 qui
465 4057 700 4111 sumtus
739 4047 972 4115 alendis
1012 4067 1325 4130 puerorum
1375 4049 1576 4111 eboris
1622 4044 2153 4113 subministrarent.
2235 4038 2522 4099 Ceterum

320 4148 535 4208 chorus
565 4154 821 4226 quatuor
846 4155 909 4205 et
935 4143 1144 4225 viginti
1170 4145 1332 4219 viris,
1362 4146 1657 4225 puerisve,
1697 4154 1803 4207 aut
1830 4140 2085 4203 foeminis
2110 4136 2524 4208 instruebatur,

322 4245 473 4309 sicut
502 4242 936 4326 Aristophanes
964 4242 1026 4307 in
1054 4243 1281 4328 Avibus
1312 4244 1543 4307 Fabula
1568 4250 1859 4305 numerat.
1942 4239 2007 4299 Si
2034 4255 2172 4300 vero
2197 4232 2525 4315 promiscue
