3050 4942
498 358 585 424 24
1385 371 1804 421 mamurra.

494 518 660 586 folio
694 535 928 600 margo
961 514 1047 583 ad
1076 515 1382 582 dextrum
1412 518 1591 582 latus
1620 519 1788 584 satis
1821 516 2087 601 amplus
2127 522 2334 584 textu:
2350 524 2576 597 vacat,
2621 519 2694 584 in

494 640 738 690 averso
761 621 925 687 folio
952 620 1065 685 hie
1087 639 1319 704 margo
1349 620 1436 685 ad
1464 620 1653 685 latus
1683 622 2023 686 sinistrum
2053 625 2177 685 est.
2264 620 2493 687 Lineis
2514 622 2695 687 binis

494 723 1185 811 perpendicularibus,
1235 743 1388 807 quae
1437 732 1707 791 textum
1754 724 2130 803 terminant,
2177 722 2311 789 alia
2349 725 2696 807 parallela

493 827 701 893 ducta
743 832 870 906 est,
910 846 1066 910 quae
1111 847 1154 891 a
1182 828 1567 894 membrana
1608 835 1909 895 extrema
1955 847 2092 893 non
2136 827 2419 895 multum
2465 827 2693 893 distat.

495 927 684 995 Huic
714 929 939 1013 spatio
971 929 1143 994 inter
1164 929 1334 995 duas
1356 930 1571 996 lineas
1598 931 2180 1016 perpendiculares
2200 934 2381 995 notae
2410 929 2694 1014 inscrip-

493 1034 589 1100 tae
632 1039 812 1110 sunt,
863 1051 1020 1116 quae
1059 1033 1155 1097 ob
1210 1033 1668 1116 prolixitatem
1713 1033 2063 1109 contextui
2114 1030 2516 1117 superscribi
2560 1052 2692 1096 non

494 1141 830 1220 poterant.
915 1133 1181 1214 Multae,
1201 1136 1410 1201 immo
1437 1138 1739 1204 maxima
1758 1138 2130 1221 glossarum
2150 1153 2334 1220 parS,
2351 1134 2512 1219 quia
2533 1154 2692 1218 per-—

495 1257 701 1324 quam
727 1239 966 1303 breves
993 1243 1166 1317 sunt,
1194 1237 1651 1305 interlineares
1675 1248 1853 1305 sunt.

580 1340 718 1406 Hae
743 1348 966 1406 autem
999 1344 1460 1409 annotationes
1477 1343 1620 1408 sive
1642 1345 1890 1427 glossae
1912 1362 2045 1409 non
2069 1342 2287 1408 solum
2311 1339 2517 1405 verba
2541 1343 2691 1405 tex·

490 1444 605 1506 tus
636 1442 1003 1527 explicant,
1035 1443 1152 1509 sed
1195 1445 1403 1510 etiam
1436 1445 1665 1511 varias
1696 1446 2021 1513 lectiones
2065 1444 2348 1511 aliorum
2376 1441 2689 1508 codicum

490 1545 846 1612 continent.
934 1546 1114 1614 Haee
1157 1546 1463 1614 lectionis
1506 1549 1799 1614 varietas
1840 1548 2181 1614 indicatur
2222 1553 2363 1611 tum
2405 1541 2532 1608 hac
2563 1543 2688 1608 ab·

489 1647 867 1714 breviatura
927 1642 984 1728 2²,
1029 1648 1102 1715 id
1148 1655 1275 1729 est,
1325 1652 1347 1685 ‘
1365 1650 1521 1730 vel‚’
1555 1656 1697 1716 tum
1738 1650 1858 1716 illa
1895 1642 1994 1730 αΐ,
2034 1650 2084 1715 i.
2125 1668 2185 1714 e.
2232 1645 2494 1726 ‘aliuS,'
2536 1646 2686 1711 sive

489 1754 512 1785 ‘
533 1748 698 1830 alii,'
720 1752 866 1817 sive
894 1754 917 1787 ‘
939 1751 1171 1819 aliter!
1257 1752 1433 1818 Esse
1476 1773 1710 1819 revera
1752 1754 1975 1821 varias
2018 1753 2358 1818 lectiones·
2384 1769 2469 1814 ex
2498 1747 2688 1814 codi-

495 1852 689 1919 cibus
725 1854 1130 1940 depromtaS,
1174 1874 1307 1921 non
1349 1855 1840 1940 explicationes
1887 1855 1994 1920 vel
2037 1853 2479 1938 conjecturas,
2523 1850 2684 1914 inde

486 1965 738 2021 certum
765 1965 895 2035 est,
924 1958 1088 2042 quia
1128 1959 1197 2023 in
1241 1959 1411 2024 aliis·
1445 1959 1793 2024 codicibus
1832 1958 2212 2042 saepissime
2240 1954 2687 2037 reperiuntur.

487 2055 687 2123 Unde
717 2057 963 2142 conjici
989 2064 1245 2144 potest,
1273 2080 1415 2138 eas,
1459 2081 1616 2145 quae
1659 2060 2052 2126 auctoritate
2091 2057 2345 2124 codicis
2388 2054 2687 2120 nondum

462 2158 672 2227 'fultae
699 2167 880 2239 sunt,
931 2161 1050 2226 illa
1094 2169 1316 2231 tamen
1358 2183 1493 2231 non
1538 2164 1922 2230 destitutum
1950 2162 2058 2238 iri,
2087 2161 2148 2224 si
2178 2159 2450 2226 codices
2481 2177 2688 2222 accu-

484 2262 694 2329 ratius
736 2263 1225 2329 examinantur.
1316 2264 1632 2332 Varietas
1686 2272 1906 2331 autem
1955 2283 2085 2328 non
2131 2263 2350 2328 solum
2396 2262 2685 2344 pertinet

488 2363 575 2428 ad
604 2383 833 2443 voces,
864 2365 984 2429 sed
1012 2365 1212 2435 etiam
1242 2368 1332 2434 ad
1361 2369 1556 2451 sigua
1597 2366 2178 2451 interpunctioniS,
2222 2364 2383 2429 dum
2426 2363 2682 2446 saepius

486 2472 860 2547 annotatur,
885 2468 1043 2534 loco
1077 2468 1250 2552 signi
1279 2470 1809 2554 interrogationis
1829 2468 2012 2535 aliud
2039 2468 2361 2546 adhiberi,
2390 2467 2501 2532 vel
2531 2465 2682 2530 vice

482 2586 705 2635 versa.
793 2569 1296 2637 Observandum
1319 2579 1541 2639 tamen
1569 2578 1701 2651 est,
1723 2591 1953 2648 voeeS,
1981 2573 2228 2655 quibus
2257 2569 2679 2655 praemissum

481 2675 590 2736 est
615 2673 637 2706 ‘
661 2672 767 2736 vel
782 2670 801 2697 '
828 2676 943 2737 aut
968 2677 988 2707 ‘
1012 2672 1128 2738 al.’
1157 2675 1630 2741 tantummodo
1670 2680 1812 2740 tum
1858 2691 1983 2757 pro
2026 2673 2232 2738 variis
2274 2670 2680 2738 lectionibus

480 2771 822 2841 habendas
848 2794 1021 2856 esse,
1040 2777 1101 2843 si
1127 2777 1293 2843 nibil
1315 2778 1605 2862 amplius
1635 2776 1926 2843 additur.
1997 2775 2264 2841 Glossae
2292 2780 2515 2840 autem
2541 2790 2688 2837 non

484 2895 714 2941 omnes
743 2878 980 2945 eadem
1006 2899 1210 2946 manu
1237 2881 1512 2964 scriptae
1543 2886 1721 2945 sunt.
2417 2960 2424 2965 ,

569 2976 653 3041 In
675 2998 920 3062 magna
961 2979 1302 3046 felicitatis
1348 3000 1519 3046 meae
1571 2988 1765 3065 parte
1813 2996 2092 3065 repono,
2132 2977 2337 3062 quod,
2376 2977 2684 3043 nondum

481 3085 731 3147 exacto
755 3082 917 3146 anni
941 3082 1167 3165 spatio
1206 3084 1279 3148 in
1305 3083 1565 3168 inclyta
1591 3082 1967 3149 Academia
1995 3080 2473 3157 Fridericiana,
2500 3100 2678 3164 prae-

478 3201 567 3247 co
592 3200 745 3247 esse
769 3184 1322 3269 possimcodicis
1351 3187 1452 3251 ibi
1481 3186 1810 3253 custoditi
1835 3185 2150 3260 Terentii,
2171 3189 2310 3248 tum
2338 3183 2675 3267 antiquis-

477 3284 660 3363 simi,
687 3291 834 3351 tum
863 3286 1145 3353 scholiis
1173 3290 1318 3387 sive
1347 3289 1594 3371 glossis
1640 3288 1811 3354 varii
1854 3287 2111 3370 generis
2135 3285 2442 3368 insignis.
2527 3285 2674 3349 Do-

474 3386 749 3454 lendum
775 3395 884 3453 est
911 3388 1229 3469 editores,
1256 3411 1435 3474 quos
1457 3397 1701 3456 nactus
1729 3396 1836 3455 est
1864 3392 2156 3455 eximius
2182 3388 2295 3454 ille
2336 3387 2680 3466 comicus,-

475 3488 844 3555 admodum
870 3491 1282 3576 negligenter
1308 3492 1582 3558 codices
1609 3512 1771 3557 suos
1788 3492 2256 3577 descripsisse,
2291 3496 2369 3555 ut
2394 3508 2678 3573 compa-

472 3591 649 3657 ratio
673 3592 897 3672 istiuS,
922 3612 1094 3662 nunc
1123 3613 1211 3659 ex
1238 3595 1555 3674 tenebris,
1584 3595 1705 3658 ubi
1740 3593 1961 3660 adbuc
1989 3595 2302 3669 latuerat,
2327 3588 2402 3655 i‘n
2444 3592 2676 3674 publi-

472 3710 624 3758 cam
661 3694 883 3762 lucem
924 3696 1335 3780 prodeuntis,
1377 3717 1532 3762 cum
1561 3698 1717 3762 aliis
1743 3716 1875 3762 nou
1902 3695 2099 3762 facile
2126 3694 2388 3759 institui
2429 3694 2667 3778 possit.

474 3794 553 3861 Si
585 3795 911 3877 Faernus,
938 3801 1055 3887 qui
1082 3802 1334 3884 primus
1358 3803 1639 3867 criticen
1668 3800 2063 3867 adultiorem
2099 3798 2172 3862 in
2213 3796 2474 3863 edendo
2500 3796 2670 3861 Ter-

471 3896 657 3962 entio
684 3899 1065 3967 adhibuisse
1094 3902 1356 3981 dicitur,
1401 3904 1547 3987 ipse
1597 3901 1961 3967 editionem
2004 3906 2332 3977 curasset,
2377 3898 2669 3963 fortasse

473 3997 561 4081 de
586 3998 966 4079 codicibuS,
996 4005 1240 4087 quibus
1266 4024 1435 4069 usus
1465 4012 1600 4080 est,
1631 4009 1946 4068 accurate
1969 4000 2329 4066 retulisset.
2411 3997 2509 4064 At
2536 3999 2670 4067 illo

470 4107 736 4164 mortuo
754 4102 993 4168 Petrus
1008 4103 1353 4171 Victorius
1369 4106 1725 4172 editionem
1747 4104 2047 4188 vulgavit
2063 4122 2128 4170 a.
2145 4100 2342 4165 1565.
2353 4107 2423 4164 et
2436 4119 2670 4184 pauca

470 4200 679 4273 habet
699 4203 785 4271 de
808 4205 1129 4272 subsidiis
1155 4207 1465 4275 litorariis
1492 4209 1742 4294 quibus
1768 4226 1933 4273 usus
1963 4211 2069 4272 est
2097 4202 2424 4270 Faernus.
2497 4203 2662 4269 Un-
