3050 4942
548 413 676 478 102
1004 426 1365 478 nin-usus
1412 424 1731 474 nnmsn·
1755 423 2270 475 nissum-Amo.

548 583 865 647 ponuntur,
910 579 1013 629 aut
1041 569 1367 649 subjectum
1407 564 1564 628 idem
1608 576 1701 626 est
1727 586 1858 627 cum
1890 567 2235 648 praedicato,
2319 565 2401 624 Ut
2425 584 2561 625 cum
2590 561 2730 645 Epi-

550 667 822 728 charmus
850 667 1033 727 dixit:

787 797 942 857 Τόκα
969 799 1076 879 μὲν
1101 798 1164 858 ἐν
1191 801 1369 868 τὴνοιε
1397 798 1513 871 ἐγὼ
1542 794 1631 867 ἦν,
1661 800 1792 855 τόκα
1821 794 1883 855 δὲ
1909 799 2062 872 παρὰ
2088 798 2288 865 τήνοις.

789 895 955 956 Tunc
977 896 1127 956 inter
1154 894 1288 955 illos
1317 913 1430 973 ego
1458 913 1639 966 eram,
1665 904 1807 953 tunc
1837 891 1996 973 apud
2023 892 2178 951 illos.

552 1024 653 1085 Bis
678 1024 831 1085 enim
857 1025 1014 1086 idem
1044 1024 1221 1092 dicit:
1266 1045 1402 1103 quae
1448 1033 1541 1085 est
1587 1023 1747 1083 fraus
1793 1024 1852 1081 in
1899 1020 2090 1082 verbis
2139 1028 2350 1099 praeter
2376 1016 2736 1098 expectatio·

551 1140 702 1182 nem.
787 1121 952 1182 Idem
980 1134 1175 1183 autem
1204 1131 1296 1181 est
1322 1140 1454 1180 cum
1483 1119 1806 1200 praedicato
1837 1116 2204 1198 subjectum:
2249 1127 2316 1177 ut
2351 1115 2413 1176 in
2439 1114 2556 1174 illis
2587 1114 2735 1174 Cur-

551 1218 668 1277 cul.
698 1220 833 1279 Act.
863 1241 917 1279 v.
949 1220 1144 1279 Scena
1169 1221 1230 1280 4.

714 1345 871 1413 Quoi
898 1347 1118 1407 homini
1148 1346 1244 1406 Dii
1271 1356 1410 1407 sunt
1436 1345 1692 1426 propitii,
1721 1348 1776 1407 ei
1807 1366 1923 1408 non
1954 1363 2087 1406 esse
2118 1343 2296 1404 iratos
2325 1350 2491 1422 puto.

554 1440 759 1501 Sticho
784 1462 825 1502 ε·

715 1538 765 1597 E
793 1539 960 1598 malis
991 1539 1212 1611 multiS,
1256 1538 1471 1598 malum
1503 1537 1666 1618 quod
1704 1537 2007 1597 minimum
2053 1546 2165 1611 est,
2212 1536 2274 1596 id
2318 1533 2619 1598 minimum
2647 1541 2739 1593 est

797 1633 802 1641 ’
871 1637 1107 1696 malum.

551 1732 854 1814 Captivis:

794 1830 921 1890 Hos
949 1850 1098 1911 quos
1126 1829 1337 1890 videtis
1370 1840 1524 1890 stare
1554 1833 1822 1911 captivos
1852 1829 2025 1901 duos,

796 1928 875 1987 Hi
905 1936 1088 2000 stant,
1116 1947 1237 1987 non
1267 1927 1496 1987 sedent.

554 2022 703 2090 Quae
722 2023 848 2103 jam
865 2024 1025 2086 docti
1047 2025 1427 2106 collegerunt.
1474 2025 1646 2085 Unde
1672 2034 1732 2085 et
1757 2026 1930 2085 istam
1961 2023 2171 2084 summi
2198 2018 2405 2085 Critici
2429 2035 2739 2080 censuram

553 2130 799 2179 meruit:
2186 2135 2193 2141 ’

790 2215 1039 2282 Plautus
1068 2216 1144 2277 ad
1174 2216 1471 2297 exemplar
1499 2215 1684 2277 Siculi
1712 2235 2022 2297 properare
2054 2211 2391 2298 Epicharmi

796 2312 1044 2373 Dicitur.
1113 2383 1118 2388 Ι
2086 2305 2093 2312 ’

557 2442 906 2522 Quanquam
938 2461 1080 2502 sane
1109 2442 1247 2503 alibi
1276 2462 1395 2504 non
1421 2443 1732 2505 invenuste
1764 2444 1832 2503 iis
1862 2463 2007 2504 usus
2035 2452 2147 2508 est.
2231 2444 2382 2512 Quae
2412 2438 2743 2503 Menander

554 2549 772 2611 tamen,
814 2550 876 2600 et
925 2540 1120 2619 imago
1160 2540 1308 2621 ejus,
1352 2541 1430 2600 de
1467 2562 1588 2621 quo
1633 2562 1792 2604 nunc
1840 2541 2053 2621 agitur,
2093 2540 2424 2609 Terentius,
2459 2549 2745 2616 tanquam

551 2653 687 2694 cum
732 2636 993 2714 periculo
1033 2636 1369 2716 conjuncta,
1423 2639 1572 2698 serio
1623 2638 1920 2717 fugerunt.
2006 2637 2155 2696 Haec
2182 2655 2287 2715 pro
2316 2635 2457 2696 Viro
2488 2634 2744 2694 maximo

556 2730 841 2801 Horatio:
886 2753 1077 2813 neque
1104 2733 1383 2796 adversus
1410 2735 1693 2797 Plautum
1721 2735 1881 2796 dicta
1908 2744 2070 2807 sunt,
2096 2752 2271 2813 quem
2301 2751 2587 2805 amamw,
2613 2751 2748 2791 sus-

554 2828 824 2907 picimus,
853 2831 1173 2910 diligimus,
1203 2852 1272 2893 ac
1301 2852 1686 2901 veneramur:
1732 2853 1951 2904 verum,
1984 2817 2067 2892 'ut
2106 2829 2394 2911 judicium
2442 2829 2526 2891 sic
2567 2847 2745 2890 acuaq-

555 2931 714 2994 mus:
748 2927 920 2986 simul
946 2939 1014 2986 ut
1042 2928 1198 2987 acuti
1220 2928 1338 3001 isti,
1366 2929 1523 3008 quod
1551 2929 1818 2989 videntur
1842 2928 1972 3002 sibi,
1997 2929 2080 2988 ita
2106 2927 2532 2990 facetissimum
2560 2925 2748 3005 scrip·

557 3030 741 3082 torem
771 3035 989 3095 ament,
1016 3024 1239 3103 legant,
1262 3035 1536 3099 tractent,
1567 3035 1745 3105 atque
1776 3025 2047 3086 ediscant
2071 3024 2259 3104 (quod
2287 3034 2348 3085 et
2374 3031 2533 3084 recte
2563 3031 2627 3084 et
2651 3042 2745 3083 or·

555 3115 698 3176 dine
727 3117 803 3178 ab
832 3118 903 3177 iis
931 3120 1054 3179 fieri
1099 3120 1384 3182 fatemur:
1429 3142 1623 3201 neque
1650 3121 1806 3182 enim
1833 3122 1978 3184 satis
2006 3119 2403 3182 commendari
2430 3122 2656 3202 potest)
2681 3130 2749 3181 ut

555 3232 670 3274 nec
696 3214 871 3293 plane
898 3225 959 3277 et
984 3217 1202 3295 ubique
1230 3218 1542 3280 Veteribus
1585 3221 1870 3300 probasse
1913 3239 1979 3280 se
2018 3217 2430 3282 meminerint:
2473 3227 2554 3291 et,
2584 3216 2747 3296 quod

493 3381 496 3388 .
556 3308 655 3368 hic
683 3312 974 3393 praecipue
1004 3324 1362 3394 spectamus,
1411 3317 1487 3377 de
1517 3316 1764 3378 Horatio
1792 3317 2037 3396 ejusque
2065 3315 2203 3376 crisi
2227 3314 2422 3378 minus
2450 3313 2632 3374 libere
2659 3315 2746 3374 lo-

557 3419 845 3487 quantur:
896 3410 1148 3470 Terentii
1177 3423 1372 3473 autem
1396 3412 1603 3473 miram
1631 3432 1701 3474 ac
1730 3431 1911 3493 prope
1939 3411 2293 3473 ineffabilem
2326 3411 2745 3484 amoenitatem,

558 3504 932 3584 elegantiam,
965 3505 1274 3585 judicium,
1304 3528 1374 3570 ac
1407 3519 1796 3581 venustatem,
1828 3507 2157 3589 intelligere
2182 3507 2463 3589 paulatim
2491 3505 2746 3572 discant.

561 3600 746 3682 Cujus
771 3602 1140 3665 incredibiles
1168 3604 1422 3686 lepores,
1450 3619 1519 3666 ut
1562 3608 1860 3688 Josephus
1907 3606 2171 3686 Scaliger
2197 3605 2434 3665 dicebat
2459 3603 2622 3677 olim,
2649 3605 2749 3665 vix

559 3699 914 3761 centesimus
942 3701 1302 3763 eruditorum
1332 3698 1579 3784 quisque
1606 3704 1787 3766 videt.
1870 3703 1962 3763 Ne
1989 3722 2124 3764 cum
2156 3702 2259 3762 illo
2289 3701 2463 3762 simul
2487 3711 2549 3762 et
2574 3701 2747 3761 Afra·

560 3796 742 3869 nium,
786 3796 1088 3876 antiquum
1120 3798 1447 3876 Comicum,
1488 3802 1903 3874 condemnent,
1950 3800 2121 3880 cujus
2159 3799 2524 3862 verissimum
2567 3806 2746 3879 atque

561 3892 894 3953 absolutum
919 3904 1082 3955 extat
1096 3895 1424 3977 judicium:

792 4024 1068 4086 ‚Terentio
1094 4046 1213 4087 non
1241 4029 1490 4090 similem
1517 4028 1681 4090 dices
1711 4028 2060 4109 quempiam.
2590 4095 2637 4140 ·
2728 4085 2737 4094 .

562 4134 751 4196 Nobis
777 4136 1004 4198 Eruditi
1030 4139 1361 4217 ignoscent,
1383 4141 1546 4222 quod
1582 4141 1715 4202 baec
1756 4140 1968 4213 fusius,
2014 4140 2064 4199 si
2106 4138 2372 4218 cogitent
2396 4137 2745 4216 praesertim,

560 4253 774 4294 munus
800 4235 921 4294 veri
944 4234 1147 4298 Critici
1175 4256 1307 4299 esse
1334 4257 1404 4301 ac
1424 4240 1721 4313 Censoris,
1751 4258 1870 4300 non
1896 4236 2187 4300 literulam
2214 4234 2427 4315 ejicere
2455 4233 2614 4309 alibi,
2640 4243 2744 4293 aut
