3050 4942
479 333 609 401 120
1407 343 1742 395 nunnus

479 490 742 551 trimetro
765 488 955 569 magis
984 489 1332 561 subsistunt,
1368 486 1670 561 collocari,
1698 497 1760 547 et
1779 487 2076 568 proecipue
2105 488 2264 569 apud
2292 489 2568 553 Plautum
2596 503 2658 554 et

484 587 759 648 Noevium
787 597 848 648 et
890 585 1223 646 Afranium.
1321 583 1475 644 Nam
1528 584 1591 643 hi
1637 584 1887 645 maxime
1930 606 2005 647 ex
2059 586 2328 648 omnibus
2385 590 2658 649 membris

479 704 753 745 versuum
776 703 794 752 ς
832 683 978 744 colis
996 684 1071 744 ab
1096 682 1186 744 bis
1206 683 1490 763 separatis
1506 684 1748 743 licenter
1770 683 1862 742 usi
1892 682 2256 762 reperiuntur
2271 684 2332 743 in
2354 684 2658 745 clausulis.

483 780 649 842 Idem
674 781 1013 841 Victorinus
1035 781 1095 840 in
1122 781 1238 840 alio
1259 780 1393 840 loco
1422 778 1497 839 de
1524 779 1718 839 iambo
1747 778 1833 838 sic
1862 779 2037 840 dicit:
2071 781 2438 859 Improbatur
2465 790 2658 843 autem

484 876 640 958 apud
670 879 948 959 tragicos,
985 897 1187 939 versus
1215 898 1286 938 ex
1329 876 1600 938 omnibus
1646 877 1854 938 iambis
1899 878 2295 956 compositus;
2355 897 2492 938 nam
2539 898 2659 958 qno

483 974 574 1035 sit'
596 974 860 1056 amplior,
886 984 947 1036 et
972 994 1079 1056 par
1105 974 1349 1055 tragicoe
1390 973 1686 1055 dignitati,
1714 975 2095 1055 interponunt
2120 975 2482 1054 frequentius
2511 974 2658 1057 loeis

484 1070 774 1132 duntaxat
824 1072 1143 1152 imparibus
1195 1072 1412 1152 pedum
1462 1072 1885 1153 dactylicorum
1933 1091 2129 1132 moras
2175 1082 2239 1133 et
2291 1071 2660 1152 spondaeum.

486 1168 755 1229 Similiter
781 1169 941 1248 apud
967 1170 1222 1231 comicos
1249 1168 1440 1230 laxius
1467 1170 1722 1250 spatium
1750 1169 1952 1230 datum
1980 1180 2113 1231 est:
2154 1188 2290 1229 nam
2307 1179 2369 1229 et
2394 1168 2479 1227 illi
2506 1168 2660 1241 loca,

485 1283 619 1343 quse
660 1262 890 1346 proprie
940 1266 1250 1331 debentur,
1272 1266 1502 1340 iambis,
1552 1266 1850 1347 spondaeis
1879 1275 2194 1346 occupant,
2222 1264 2574 1347 dactyloque
2601 1273 2664 1325 et

484 1371 790 1441 anapaesto
817 1361 964 1423 locis
992 1361 1242 1442 adaeque
1270 1361 1623 1443 disparibus.
1705 1364 1818 1436 Ita,
1845 1361 1987 1422 dum
2012 1362 2418 1443 quotidianum
2446 1381 2664 1423 sermo-

488 1476 626 1517 nem
653 1458 862 1519 imitari
887 1459 1175 1533 nituntur,
1203 1469 1391 1521 metra
1418 1460 1646 1533 vitiant,
1695 1459 1915 1533 studio,
1958 1479 2077 1535 non
2114 1460 2440 1540 imperitia:
2503 1457 2666 1538 quod
2698 1539 2709 1547 Φ

482 1552 846 1635 frequentius
875 1556 1033 1638 apud
1060 1566 1299 1619 nostros
1347 1576 1523 1638 quam
1574 1556 1745 1640 apud
1774 1558 2019 1618 Graecos
2065 1556 2346 1618 invenies.
2431 1555 2693 1616 Genera·

486 1660 681 1719 autem
700 1651 932 1714 iambici
960 1654 1126 1715 metri
1155 1662 1295 1715 sunt
1324 1652 1483 1716 duox
1527 1672 1663 1713 nam
1691 1674 1765 1715 ex
1783 1652 1854 1736 iis
1872 1654 1988 1713 alia
2012 1653 2262 1733 integra,
2289 1653 2404 1713 alia
2425 1651 2664 1731 clauda,

485 1768 621 1828 quae
649 1747 929 1811 scazonta
969 1770 1072 1812 seu
1122 1750 1456 1813 choliamba
1491 1761 1727 1825 vocant,
1768 1756 1945 1836 sunt:
1985 1770 2258 1830 quorum.
2280 1749 2665 1810 differentiam

483 1841 809 1925 penultima
831 1867 1037 1911 versus
1066 1848 1299 1929 syllaba
1323 1849 1770 1910 demonstrabit.
1830 1841 2009 1921 Nam,'
2041 1847 2091 1907 si
2120 1847 2308 1907 brevis
2337 1846 2666 1926 contigerit,

487 1941 597 2002 erit
637 1953 859 2005 rectum
899 1956 963 2007 et
1001 1946 1293 2023 integrum
1338 1948 1672 2020 iambicum,
1702 1947 1816 2006 ita:
1884 1946 2122 2025 vigoris
2167 1944 2319 2004 adde
2365 1948 2664 2004 concitum

489 2037 733 2098 celerem
760 2039 990 2120 pedem.
1075 2042 1184 2101 Sin·
1222 2062 1360 2103 vero
1401 2042 1604 2123 longa,
1657 2043 1929 2104 delumbe
1966 2052 2038 2102 ‘et
2081 2040 2379 2113 claudum,
2427 2048 2495 2100 ut
2540 2050 2668 2100 est:

489 2134 766 2195 Novitate
792 2136 1005 2199 ductiis
1033 2150 1152 2199 non
1181 2148 1271 2198 est
1315 2144 1539 2200 inscIus
1566 2140 1736 2220 legis.
1820 2139 1899 2198 Le
1926 2139 2125 2218 longa,
2169 2158 2303 2218 quae
2341 2135 2668 2217 penultima

490 2231 796 2311 reperitur,
850 2242 1097 2294 metrum
1141 2234 1495 2320 corrumpit.
1554 2235 1732 2316 hujus
1780 2245 2040 2315 repertor
2074 2234 2410 2315 Hipponax.
2493 2234 2674 2305 Nam,

490 2346 596 2405 pro
616 2328 810 2389 iambo
837 2328 1093 2391 inductis
1122 2330 1396 2392 trochaeis
1423 2342 1632 2392 contra
1658 2332 1845 2412 legem
1877 2332 2119 2391 trimetri
2146 2330 2398 2402 iambici,
2419 2340 2670 2391 metrum

491 2424 807 2500 innovavit,
834 2426 993 2508 quod
1024 2426 1273 2512 adaeque
1299 2449 1375 2491 ex
1403 2425 1691 2514 spondaeo
1713 2428 2021 2509 contingit.

858 2927 1230 3027 VERSUS
1278 2955 1629 3021 RUFINI
1673 2954 2311 3022 GRAMMA'mcr

735 3132 835 3183 DE
865 3128 1509 3182 METR18·TERENT11
1544 3130 1631 3179 ΕΤ
1659 3129 1926 3181 PLAUTI
1959 3130 2053 3181 ET
2083 3131 2441 3182 ALIORUM.

663 3306 1003 3366 Aeuoscrr
1030 3315 1295 3378 metrum,
1320 3315 1628 3386 servatque
1654 3305 1963 3366 Terentius
1992 3318 2198 3378 artem,

664 3403 818 3462 Nam
846 3389 1120 3482 prologos
1148 3402 1409 3462 trimetro
1436 3402 1645 3462 didicit
1679 3422 2026 3482 componere
2055 3423 2249 3474 versu,

665 3498 1100 3578 Scenarumque
1127 3508 1293 3558 actus
1322 3497 1541 3576 primos
1573 3498 1721 3576 pede
1751 3497 1976 3559 claudit
2001 3499 2230 3560 eodem.

668 3596 749 3656 Ut
777 3603 917 3655 sunt
941 3593 1002 3654 hi
1027 3614 1230 3655 versus
1258 3594 1522 3673 prologi:
1733 3640 1743 3650 .

660 3689 848 3751 Poeta
874 3699 1006 3751 cum
1033 3698 1282 3771 primum
1307 3694 1566 3749 animum
1593 3691 1670 3750 ad
1698 3689 2072 3751 scribendum
2103 3690 2349 3770 appulit,

665 3787 727 3847 id
756 3789 870 3847 sibi
896 3793 1093 3867 negoti
1117 3784 1343 3847 credidi
1371 3786 1562 3848 solum
1593 3788 1718 3850 d'ari

665 3882 894 3964 Populo
918 3894 986 3945 ut
1012 3883 1307 3964 placerent
1332 3892 1481 3962 quas
1509 3885 1746 3950 fecisset
1774 3883 2054 3942 Fibula&

672 3980 794 4041 Vos
819 3975 985 4041 istaec
1008 3990 1162 4042 intro
1189 3983 1438 4054 auferte,
1468 3983 1658 4051 ubit&
1703 3982 1875 4041 Sosia

672 4074 956 4138 adesdum
984 4086 1187 4155 paucis
1214 4088 1270 4138 te
1301 4078 1454 4138 volo.
1538 4078 1775 4138 Dictum
1800 4083 1962 4158 puta.

673 4169 1066 4236 Tetrametros
1089 4178 1351 4258 sequitur
1379 4195 1554 4254 quem
1580 4176 1831 4236 finxerat
1855 4174 1954 4234 ille
1983 4172 2253 4232 Boiscus.
