3050 4942
520 353 650 421 1⁷6
1130 366 1565 417 JOAcmMUs
1614 362 2110 414 oAMnnAruus

524 508 645 569 Sed
688 508 748 567 in
796 506 929 568 aliis
974 525 1248 568 versuum
1296 508 1608 588 generibus
1656 514 1846 567 metra
1878 504 2196 584 duplicatis
2227 501 2478 584 pedibus
2505 521 2714 582 proce-

523 606 692 679 dunt,
720 614 788 667 ut
814 605 872 665 in
901 605 1150 666 iambico
1195 611 1288 665 est
1328 604 1444 665 hoc
1483 610 1830 685 μονόμετρον
1855 603 2264 675 &naa-danum,
2298 600 2360 661 id
2388 610 2502 677 est,
2529 599 2715 659 habet

524 702 674 763 duos
702 700 886 782 pedes
912 701 1209 781 integros:

1080 827 1371 902 Pessima,
1399 847 1594 889 mane.

1081 924 1358 1005 Optume,
1388 924 1525 985 odio
1560 943 1647 985 es.

498 1009 791 1120 ’Δίμετρον
816 1039 931 1100 hoc
954 1058 970 1098 ε

918 1167 1176 1228 Verebar
1203 1186 1486 1248 quorsum
1513 1167 1810 1230 evaderet.

521 1292 572 1351 Τ
569 1297 867 1372 piper-por:

555 1423 559 1429 ·
923 1399 1289 1481 Obsequium
1318 1398 1563 1475 amicos,
1590 1400 1806 1461 veritas
1836 1399 2034 1462 odium
2065 1399 2238 1481 parit.

519 1532 904 1613 Τετρᾶμερτον
928 1532 1044 1592 hoc
1066 1551 1082 1592 t

562 1729 569 1736 ⁴
676 1660 837 1731 Quid
864 1661 1077 1722 faciam
1106 1660 1311 1722 nunc?
1354 1662 1403 1722 si
1434 1671 1556 1723 tres
1585 1659 1693 1722 viri
1718 1680 1811 1721 me
1839 1661 1898 1719 in
1946 1679 2240 1721 carcerem
2284 1658 2709 1737 compegerint.

517 1800 713 1879 Atque
749 1798 1040 1859 hactenus
1087 1797 1360 1879 producti
1408 1799 1641 1860 iambici
1670 1819 1874 1861 versus
1912 1799 2183 1878 exempla
2209 1796 2530 1859 adduxisse
2560 1795 2710 1854 satis

510 1897 712 1968 fuerit,
756 1896 870 1956 etsi
920 1895 1325 1975 grammatici:
1387 1901 1769 1975 πενταμέτρου
1819 1914 2056 1975 quoque
2101 1895 2349 1955 formam
2401 1890 2713 1972 adjiciunt.

515 1992 690 2052 Illum
718 2002 915 2052 autem
943 2000 1342 2052 tetrametrum
1369 1992 1658 2071 reperisse
1688 1983 1965 2052 Boiscum
1994 1988 2290 2071 quendam
2331 1987 2711 2070 Cyzicenum,

518 2091 851 2166 ἐπίγραμμα
898 2087 1140 2158 indicat,
1190 2090 1512 2147 tetrametri
1562 2091 1947 2160 ἅκαταλήκτου
1985 2097 2050 2148 et
2092 2091 2502 2159 καταληκτικοῦ,
2546 2081 2710 2161 quod

516 2184 771 2263 legitur
757 2203 817 2242 1n
847 2183 1283 2244 Commentario
1313 2184 1514 2245 Rufini
1544 2183 1618 2246 de
1647 2183 1856 2244 Metris
1883 2183 2116 2245 Terent.

674 2315 907 2375 Βὸἱσκοε
934 2313 1065 2374 εἶν’πό
1090 2314 1362 2386 Κυέικοῢ,
1389 2313 1600 2376 παντὸς
1626 2315 1869 2396 γραφεὺς
1893 2321 2219 2394 relapsuros,

678 2410 795 2470 Τὸν
818 2411 1093 2470 ὀκτάπουν
1123 2411 1298 2488 εὑρὼν
1328 2417 1526 2494 στίχον
1552 2411 1744 2493 Φοίβῳ
1770 2416 1957 2486 τίθησι
1983 2411 2175 2490 δῶρον.

676 2506 926 2569 Boiscus
956 2506 1054 2567 ille
1082 2507 1408 2589 Cyzicenus
1438 2508 1689 2589 scriptor
1716 2509 1906 2570 omnis
1934 2510 2207 2569 carminis

674 2604 896 2665 Versus
923 2603 1141 2685 pedum
1168 2616 1308 2672 ‚octo
1335 2606 1610 2687 repperit,
1639 2606 1981 2684 Phoeboque
2010 2604 2323 2667 dedicavit.

515 2734 733 2794 Verum
784 2732 863 2793 ad
907 2739 1231 2809 καταλήξειε
1276 2729 1654 2798 revertamur.
1756 2737 1866 2814 Est
1904 2737 2080 2816 igitur
2122 2729 2529 2812 κατὰληκτικόε,
2572 2751 2708 2793 cum

514 2827 705 2904 deest,
734 2849 853 2910 quo
881 2830 1077 2890 minus
1105 2851 1309 2892 versus
1336 2832 1723 2913 compleatur,
1753 2831 1982 2913 syllaba
2008 2851 2127 2892 una
2151 2853 2167 2892 ε

919 2949 1098 3022 Date,
1127 2970 1264 3010 mox
1291 2970 1405 3030 ego
1424 2952 1542 3012 buc
1570 2960 1846 3013 revertar.

511 3076 807 3137 lambiens
836 3075 1089 3155 δίμετρος
1116 3083 1524 3152 καταληκτυεόε.
1611 3081 1704 3140 Sit
1726 3082 1880 3143 enim
1930 3080 2302 3153 ‘’reverterO,
2336 3096 2476 3137 nam
2505 3085 2568 3137 et
2593 3075 2707 3134 hac

512 3172 701 3232 forma
712 3172 820 3233 .usi
847 3174 1022 3232 verbo
1048 3173 1304 3249 fuerunt,
1334 3178 1439 3237 erit
1457 3177 1583 3257 jam
1610 3179 2004 3250 ἂκατάληκτοε.

676 3292 738 3352 Si
764 3292 906 3351 mihi
933 3305 1151 3375 perget
1165 3316 1300 3375 quse
1328 3298 1457 3359 vult
1483 3297 1701 3372 dicere,
1741 3317 1815 3358 ea.
1835 3317 1976 3377 quse
1996 3317 2115 3358 non
2146 3296 2276 3356 vult
2301 3294 2505 3357 audiet
2527 3315 2543 3353 z

513 3427 845 3490 trochaicus
876 3431 1309 3505 Archilochius,
1357 3434 1418 3493 id
1450 3444 1565 3503 est,
1612 3436 1972 3513 τετράμετρος
2019 3454 2123 3495 seu
2165 3432 2490 3513 quadratus
2537 3455 2706 3491 κατα-

512 3528 781 3597 ληκτικόε.
866 3528 957 3588 Sit
981 3529 1135 3587 enim
1164 3536 1181 3564 ‘
1205 3528 1559 3604 audientur,’
1602 3527 1712 3591 erit
1738 3530 2072 3594 trochaicus
2114 3535 2475 3607 τετράμετροε
2517 3526 2708 3584 omni-

509 3620 625 3680 bus
651 3623 909 3683 numeris
942 3624 1270 3687 absolutus.

593 3716 1176 3797 Hypercatalecticus
1205 3740 1409 3782 versus
1438 3722 1625 3794 est,in
1646 3740 1765 3801 quo
1782 3719 2012 3801 syllaba
2031 3739 2153 3785 una
2180 3716 2484 3779 abundat:
2527 3717 2703 3796 hujus

509 3812 842 3891 exemplum
870 3814 946 3875 de
973 3813 1281 3896 dactylicis
1315 3817 1662 3879 adducunt:

670 3936 1008 4017 Alloquitur
1031 3942 1258 4004 Venus.
1345 3945 1399 4002 Ο
1429 3944 1531 4024 qui
1557 3963 1659 4004 res·
1691 3944 2111 4024 hominumque
2139 3941 2540 4022 Deorumque.

670 4031 974 4099 «laetemur
1001 4033 1242 4113 doceas,
1266 4037 1454 4118 ignari
1481 4038 1896 4119 hominumque
1922 4040 2323 4120 locorumque.

511 4163 732 4227 Verum
761 4164 1166 4247 diligentiores
1198 4172 1274 4238 in,
1289 4171 1585 4253 dactylico
1611 4192 1825 4252 genere
1852 4176 2292 4254 ὕπερκατάληξιν
2323 4186 2385 4236 et
2408 4173 2697 4255 βραχνκα-
