3050 4942
542 355 673 421 142
1159 369 1430 420 sumus
1477 368 1736 418 cAESAR
1784 368 2155 418 solimam:
2642 342 2727 359 ‘'‘'

542 528 668 577 arte
710 516 870 577 illius
916 516 1225 577 imitatrice
1267 515 1607 577 faciendum
1654 515 1822 575 nobis
1873 526 1986 588 est,
2036 513 2176 574 nihil
2226 523 2328 573 aut
2373 513 2584 586 otiose,
2627 522 2727 573 aut

544 615 841 695 superfluo
870 634 1068 693 agere.
1149 614 1327 693 Ergo,
1375 625 1442 674 nt
1474 624 1709 675 constet
1747 613 1893 673 ratio
1938 612 2340 683 dimensionis,
2387 611 2437 670 si
2480 610 2726 689 recipias

540 712 1146 791 proceleusmaticum,
1205 732 1388 770 unum
1435 721 1666 778 tantum
1715 710 1957 780 moliris,
2016 728 2151 768 cum
2202 706 2359 766 tollis
2408 706 2725 785 digamma.

546 808 609 868 Si
634 809 804 870 malis
834 809 1207 889 tribrachym,
1249 819 1310 869 et
1351 809 1465 869 hoc
1495 809 1600 867 tibi
1630 809 1782 868 idem
1812 806 2135 867 curandum
2163 814 2275 877 est,
2315 813 2383 862 ut
2411 803 2628 863 tollas:
2669 813 2730 862 et

540 912 826 984 praeterea
867 904 1098 965 duabus
1139 904 1418 965 confertis
1465 905 1710 985 syllabis
1753 902 2124 963 obscuranda
2162 901 2366 962 oratio.
2452 900 2628 971 Nam,
2680 898 2731 959 si

541 988 687 1061 nihil
717 1002 891 1061 refert
916 1001 1337 1080 pronuntiesne
1376 1008 1392 1035 ‘
1417 1001 1680 1073 invidia,’
1706 1020 1780 1060 an
1811 1008 1827 1035 ‘
1851 1000 2090 1073 invida,’
2117 999 2257 1079 quid
2288 995 2729 1077 intelligamus?

529 1099 701 1179 'quod
731 1098 782 1157 si
808 1102 906 1174 (ac
929 1099 1123 1157 verius
1153 1098 1391 1177 quidem
1422 1102 1540 1173 est)
1586 1098 1670 1158 ita
1712 1097 2179 1178 pronuntiemuS,
2226 1108 2293 1158 nt
2319 1097 2488 1177 quasi
2516 1113 2730 1154 sonum

541 1194 923 1256 consonantis
952 1195 1109 1274 prior
1133 1195 1356 1255 vocalis
1384 1194 1668 1266 obtineat,
1696 1194 1823 1272 jam
1853 1213 1974 1253 non
1999 1193 2076 1253 sit
2102 1194 2426 1273 tribrachys
2458 1192 2729 1271 amplius,

541 1292 647 1352 sed
677 1302 1039 1371 anapaestus.
1126 1291 1280 1350 Nam
1322 1292 1406 1351 ita
1441 1291 1807 1371 pronuntiari
1835 1291 1895 1350 in
1924 1290 2278 1369 quibusdam
2302 1289 2732 1370 proceleusma-

537 1390 672 1450 ticis
692 1390 816 1469 jam
845 1389 1118 1462 diximuS,
1148 1401 1209 1449 et
1235 1400 1480 1470 apparet
1505 1410 1580 1449 ex
1605 1389 1710 1448 illo
1735 1409 1905 1449 versu
1936 1387 2170 1448 Poetae:
2203 1395 2220 1423 ‘
2244 1387 2468 1458 Stellio,
2499 1398 2561 1447 et
2586 1385 2732 1445 luci-

539 1487 694 1565 fugis
722 1482 1009 1565 congesta
1036 1485 1523 1546 cubilia‘blattis!
1592 1486 1669 1546 Et
1695 1484 1853 1564 apud
1888 1485 2229 1546 Horatium:
2273 1492 2290 1520 ⁴
2316 1484 2398 1544 Ut
2425 1483 2732 1543 Nasidieni

530 1583 687 1662 juvit
711 1593 771 1643 te
798 1602 969 1642 coena
1005 1583 1203 1642 beati!
1285 1583 1439 1642 Nam
1487 1582 1644 1643 idem
1691 1601 1903 1642 nomen
1952 1581 2156 1642 aliter:
2199 1589 2217 1617 ‘
2244 1580 2603 1641 Nasidienus
2652 1578 2731 1638 ad

539 1679 714 1741 haec?
791 1678 988 1747 Quare
1032 1678 1327 1759 inpriore
1354 1698 1551 1753 versu,
1589 1700 1794 1740 omnes
1824 1690 2009 1738 erunt-
2025 1679 2292 1759 sportdaei
2318 1689 2533 1760 praeter
2561 1678 2731 1757 quin-

538 1788 684 1838 tum.
768 1777 867 1836 Sic
898 1777 1053 1836 enim
1080 1776 1257 1837 etiam
1286 1776 1582 1851 Catullus,
1625 1787 1642 1812 ‘
1667 1777 1895 1858 pituitae
1914 1781 1930 1805 ’
1967 1778 2214 1857 primam
2240 1797 2374 1837 cum
2411 1775 2731 1857 produxit:

540 1880 558 1911 ‘
585 1874 919 1953 Mucusque
950 1886 1011 1934 et
1038 1874 1195 1933 mala
1224 1874 1437 1952 pituita
1462 1875 1636 1936 nasi!
1718 1876 1855 1934 Non
1885 1875 2166 1955 corripuit
2191 1874 2516 1934 Horatius:
2559 1880 2577 1907 ⁴
2603 1869 2734 1929 Nisi

538 1988 676 2029 cum
703 1970 916 2050 pituita
942 1971 1192 2031 molesta
1219 1972 1356 2031 est!
1434 1973 1558 2033 Sed
1609 1973 1980 2055 trisyllabum
2025 1973 2265 2053 posuit:
2308 1972 2392 2030 ita
2434 1980 2502 2030 ut
2536 1968 2734 2029 media

537 2063 710 2125 litera
736 2066 1028 2127 AEolicum
1059 2069 1136 2128 sit
1164 2068 1501 2148 digamma:
1547 2070 1708 2149 quod
1736 2081 1798 2131 et
1824 2071 2053 2132 elicitur
2080 2090 2153 2130 ex
2172 2068 2399 2149 judicio
2428 2064 2567 2125 AElii
2596 2065 2735 2124 Sto-

539 2163 714 2236 lonis,
742 2164 847 2242 qni
874 2184 912 2223 a
936 2163 1195 2243 petendo
1224 2167 1403 2225 vitam
1432 2166 1570 2226 duci
1589 2178 1750 2227 ratus
1767 2166 1878 2229 est.
1922 2169 2140 2229 Verum
2161 2166 2322 2247 quod
2350 2165 2413 2224 in
2441 2162 2703 2222 ‘invidia
2720 2161 2738 2187 ’

539 2258 698 2332 fecit,
726 2271 795 2319 ut
819 2279 996 2319 unam
1024 2281 1099 2321 ex
1121 2261 1354 2322 duabus
1377 2264 1636 2325 efficeret
1658 2265 1967 2346 syllabam,
1991 2263 2356 2326 commodius
2379 2260 2737 2322 confecisset

541 2355 602 2414 in
646 2362 665 2390 ⁶
686 2356 936 2436 injuria,'
975 2357 1079 2417 illo
1106 2377 1278 2418 versu
1304 2379 1319 2418 :
1364 2366 1380 2394 ‘
1406 2359 1543 2428 Quo
1562 2360 1718 2440 jure,
1747 2382 1983 2441 quaque
2012 2359 2223 2441 injuria
2250 2358 2609 2439 praecipitem
2637 2375 2732 2422 me

537 2455 600 2512 in
638 2452 949 2532 pistrinum
995 2453 1201 2514 dabit.'
1282 2456 1450 2517 Sicut
1494 2457 1555 2516 in
1599 2464 1616 2493 ‘
1640 2458 1924 2538 perfidia,'
1965 2457 2221 2537 Prologo
2251 2454 2731 2536 Amphitryonis:

541 2557 559 2585 ⁴
586 2551 723 2610 Non
751 2552 1088 2625 ambitione,
1113 2572 1304 2631 neque
1336 2553 1603 2632 perfidia,
1653 2556 1754 2634 qui
1783 2555 2021 2615 minus.’
2101 2554 2170 2613 Id
2199 2553 2358 2633 quod
2388 2553 2438 2611 si
2467 2550 2734 2612 animad-

541 2649 834 2721 vertisset,
875 2669 995 2709 non
1036 2651 1375 2711 sustulisset
1417 2671 1741 2730 pronomen
1783 2659 1801 2687 ⁴
1826 2654 1960 2727 me,'
1999 2651 2161 2732 qnod
2202 2670 2420 2730 magna
2450 2668 2586 2710 cum
2614 2668 2735 2708 em-

541 2743 715 2823 phasi
741 2765 811 2806 ac
850 2747 1130 2824 gestu'ad
1166 2748 1433 2807 timorem
1473 2768 1746 2829 personae
1788 2749 2045 2829 positum
2089 2758 2214 2809 est:
2257 2758 2318 2809 et
2358 2746 2628 2807 omnibus
2673 2744 2734 2803 in

540 2841 971 2921 exemplaribus
1000 2843 1234 2922 legitur.
1291 2843 1442 2903 Tolli
1468 2856 1669 2904 autem
1690 2846 1981 2906 AEolicum
2009 2845 2363 2905 elementum
2390 2844 2451 2903 in
2475 2862 2547 2903 ea
2568 2861 2735 2914 voce,

541 2938 738 3018 palam
760 2949 853 2998 est
874 2938 1052 2998 etiam
1072 2959 1243 2999 versu
1266 2940 1367 3000 illo
1391 2941 1793 3006 Phormionis:
1827 2950 1843 2978 ‘
1870 2943 1986 3012 Qui
2016 2963 2177 3022 saepe
2198 2953 2434 3022 propter
2454 2940 2736 3001 invidiam

544 3033 812 3094 adimunt
840 3032 1047 3094 diviti:
1132 3036 1341 3114 Neque
1387 3036 1543 3095 enim
1588 3038 1794 3100 mirum
1842 3049 1936 3099 est
1981 3039 2360 3108 adventitiam
2401 3038 2629 3098 literam
2660 3035 2735 3095 de

542 3129 737 3190 medio
780 3128 907 3188 tolli
955 3129 1125 3208 quasi
1169 3134 1558 3212 peregrinam.
1646 3135 1755 3195 Est
1796 3133 1969 3196 enim'
1993 3136 2248 3209 ‘vide0,'
2285 3134 2431 3195 ’ἱδωτ
2476 3134 2632 3193 sicut
2673 3132 2734 3192 in

525 3226 723 3283 ‘verbo
765 3223 936 3283 ‘vivo
957 3224 992 3284 ε’
1042 3225 1357 3287 fuit'enim
1408 3228 1559 3303 βιῶι
1603 3250 1677 3290 eo
1724 3251 1938 3292 versu:
1996 3239 2012 3266 ‘
2038 3233 2299 3293 Liberius
2345 3230 2581 3292 vivendi
2627 3228 2736 3288 fuit

543 3329 830 3398 potestas,
856 3339 994 3380 nam
1024 3323 1239 3383 antea!
1325 3322 1481 3383 Puto
1509 3326 1666 3385 enim
1695 3346 1814 3386 non
1846 3329 2161 3389 admodum
2191 3340 2464 3408 vegetam
2489 3340 2736 3390 conten-

542 3426 781 3497 tamque
805 3418 991 3478 fuisse
1017 3420 1200 3480 literae
1229 3420 1390 3479 illius
1417 3423 1972 3500 pronuntiationem,
2016 3425 2189 3485 sicuti
2218 3446 2409 3505 neque
2434 3425 2496 3485 in
2539 3431 2562 3462 ¹
2585 3422 2737 3496 ovo,’

543 3533 736 3591 neque
780 3515 843 3574 in
885 3516 1073 3589 ‘ove,'
1111 3535 1248 3575 cum
1293 3516 1521 3578 libitum
1564 3531 1757 3581 esset:
1800 3543 1957 3602 quoe,
2004 3535 2072 3582 ut
2106 3524 2427 3603 asperrima
2455 3534 2549 3584 est
2575 3522 2735 3603 apud

547 3609 896 3684 Germanos,
936 3610 1215 3691 ita‘poene
1241 3612 1464 3673 voc'alis
1492 3616 1651 3695 apud
1682 3617 2009 3690 Vascones,
2061 3639 2179 3679 non
2208 3639 2588 3680 consonans:
2630 3640 2735 3681 ne-

544 3705 688 3765 dum
720 3718 788 3767 ut
824 3704 1045 3788 duplex
1088 3708 1317 3787 uspiam
1362 3708 1457 3769 sit.
1543 3711 1665 3788 Sed
1710 3732 2084 3794 nequaquam
2132 3735 2238 3795 par
2286 3718 2434 3777 ratio
2477 3716 2591 3776 fuit
2635 3727 2737 3777 aut

544 3803 895 3876 necessitas,
936 3814 1003 3864 ut
1032 3803 1347 3864 elideretur
1373 3804 1532 3864 idem
1563 3805 1879 3886 digamma,
1921 3809 1980 3868 in
2015 3810 2188 3870 verbo
2216 3810 2352 3885 hoc,
2400 3819 2417 3848 ‘
2440 3811 2736 3883 inveniet,’

547 3917 621 3957 eo
645 3917 821 3957 versu
848 3919 921 3958 ex
950 3898 1214 3959 Andria:
1259 3906 1275 3933 ‘
1301 3900 1486 3959 Dabit
1513 3920 1721 3962 nemo:
1766 3904 2022 3967 inveniet
2048 3906 2281 3986 inopem
2308 3909 2527 3988 potius,
2555 3927 2734 3988 quam

547 4004 608 4053 te
642 3995 934 4074 corrumpi
979 3995 1174 4055 sinat-⁹
1256 3995 1457 4055 Nihilo
1500 3999 1653 4058 enim
1698 4011 1960 4061 mutatur
2004 4023 2206 4063 versus
2254 4003 2565 4078 dimensi0‚
2615 4006 2735 4065 sive

548 4086 809 4161 tollatur,
838 4090 958 4151 sive
986 4091 1379 4170 relinquatur:
1410 4112 1613 4172 quare,
1641 4107 1849 4156 contra
1875 4118 2054 4178 quam
2082 4119 2340 4174 sensere,
2369 4102 2534 4161 nullo
2558 4111 2734 4180 pacto

550 4181 768 4245 debeat
795 4185 941 4248 tolli.
1026 4189 1093 4248 In
1120 4187 1535 4266 conjunctione
1563 4212 1796 4272 quoque
1826 4195 1958 4267 hac,
2003 4205 2019 4231 ‘
2039 4196 2375 4271 enimver0,'
2419 4200 2620 4264 durius
2648 4202 2731 4277 fit,
