3050 4942
1173 387 1269 433 ns
1318 386 1698 435 ἰἨκΑτιιο.
2442 372 2531 437 75

323 531 914 603 contabulationibu's‚
942 532 993 591 si
1028 531 1238 603 mavis,
1265 540 1568 593 exstructa
1595 532 1740 592 fuit:
1785 530 1941 591 circa
1968 550 2115 612 quas
2147 531 2383 611 singula
2411 550 2531 594 am-

321 629 583 702 bulacra,
638 638 745 688 aut
792 628 1057 708 porticus
1122 628 1414 690 columnis
1470 629 1739 709 pluribus
1810 627 2104 689 distinctae
2161 629 2529 689 videbantur.

326 731 519 806 Atque
546 747 619 786 ea
648 727 811 786 frons
843 744 1040 786 scenoe
1070 725 1370 806 appellata
1398 726 1532 787 fuit.
1619 727 1688 785 In
1715 725 2031 804 cujuslibet
2067 727 2530 804 contignationis

326 824 714 903 frontispicio,
734 822 900 902 quod
929 824 1249 884 Theatrum
1278 824 1653 903 respiciebat,
1699 835 1890 903 portoe
1930 824 2400 902 ingeniosissime
2427 824 2535 884 de·-

328 923 502 1002 pictae
532 932 594 981 et
622 922 814 982 exitus
842 922 989 981 varii
1015 921 1274 994 fuerunt,
1306 921 1365 979 in
1390 921 1623 999 quibus,
1646 920 1970 1000 praesertim
2001 919 2361 999 superiorum
2392 941 2535 982 con·

331 1019 744 1098 tignationum.
774 1017 965 1091 Mimi,
1013 1017 1424 1089 Mirmillones,
1467 1026 1530 1077 et
1575 1017 1757 1076 ceteri
1801 1015 1971 1076 Ludii
1997 1017 2189 1076 varios
2229 1028 2433 1096 gestus
2458 1038 2529 1079 ac

333 1115 814 1195 gesticulationes
843 1114 1122 1187 edebant,
1143 1114 1302 1173 unde
1322 1114 1559 1174 Scenici
1583 1114 1813 1196 proprie
1834 1113 1997 1173 dicti.
2082 1114 2313 1176 Chorus
2342 1117 2538 1189 etiam,
2603 1164 2608 1173 .

334 1233 465 1274 mea
511 1213 830 1285 sententia,
890 1213 949 1271 in
1000 1213 1069 1273 iis
1113 1207 1511 1293 superioribus
1568 1212 2114 1292 contignationibus
2164 1213 2538 1285 referebatur,

336 1311 475 1371 dum
508 1321 827 1391 agerentur
867 1311 1223 1391 Tragoediae,
1253 1310 1363 1370 nisi
1405 1311 1614 1384 maviS‚
1664 1320 1803 1389 post
1831 1329 2069 1370 scenam
2099 1309 2156 1369 in
2190 1310 2323 1371 loco
2354 1310 2539 1372 desti-

336 1419 479 1470 nato
508 1409 696 1469 fuisse
725 1409 989 1482 chorum,
1020 1420 1081 1470 et
1108 1418 1380 1468 cantores
1420 1427 1491 1467 ac
1518 1407 1813 1480 tibicines,
1863 1408 1962 1485 qui
1991 1407 2158 1468 locus
2189 1406 2448 1483 Odeum,
2476 1420 2544 1469 ut

338 1517 505 1586 puto,
534 1508 613 1566 ob
642 1506 706 1565 id
748 1508 1072 1566 vocabatur
1101 1526 1137 1565 a
1165 1507 1461 1566 cantibus.
1549 1506 1668 1565 Sed
1697 1508 1757 1565 in
1785 1507 1856 1566 iis
1886 1525 2121 1585 quoque
2152 1506 2297 1566 locis
2324 1508 2545 1568 flebant

238 1663 242 1671 ,
340 1614 399 1665 et
446 1604 800 1665 nebularum
851 1605 1073 1678 icones,
1123 1615 1183 1664 et
1233 1605 1492 1664 Deorum
1523 1605 1871 1673 descensus,
1916 1614 1976 1663 et
2011 1613 2211 1663 cetera
2238 1602 2299 1662 id
2330 1624 2544 1684 genus,

341 1701 417 1761 ad
466 1721 716 1781 magnas
761 1714 822 1762 et
866 1713 1205 1763 sumtuosas
1258 1702 1599 1763 Comoedias
1652 1712 1811 1782 apta.
1897 1700 2182 1760 Existimo
2230 1711 2428 1762 tamen
2481 1704 2542 1762 in

340 1798 547 1868 humili
607 1799 919 1860 Comoedia
987 1820 1103 1862 non
1167 1801 1352 1861 fuisse
1417 1812 1648 1861 tantum
1699 1809 2071 1880 apparatum.
2177 1801 2303 1861 lma
2350 1821 2546 1861 scenae

345 1898 719 1978 contignatio
768 1897 1262 1978 prominentiores
1326 1900 1605 1959 exerebat
1670 1899 1999 1970 columnas,
2046 1898 2228 1959 veluti
2287 1899 2548 1978 porticus

346 1995 643 2076 quasdam
685 1995 923 2055 latiores
954 1997 1065 2054 sub
1097 1997 1307 2075 quibus
1337 1995 1560 2055 casulae
1609 2004 1672 2055 et
1697 1995 1915 2064 rustica
1943 1996 2247 2056 domicilia
2274 1997 2330 2055 in
2363 1987 2548 2054 Novis

348 2092 694 2163 Comoediis,
716 2093 890 2153 variis
923 2113 1120 2153 scenae
1163 2094 1331 2166 locis,
1369 2104 1713 2154 constructa
1755 2104 1943 2165 erant,
1983 2096 2157 2154 urbes
2188 2114 2443 2174 quoque,
2490 2106 2551 2153 et

349 2190 481 2250 loca
508 2191 901 2250 remotissima
926 2191 1328 2252 referebantur
1370 2191 1429 2249 in
1457 2190 1829 2271 Tragoediis:
1891 2212 1923 2250 e
1974 2192 2188 2269 quibus
2236 2191 2553 2270 prodibant

351 2298 603 2359 actoreS,
633 2298 694 2347 et
715 2286 854 2347 illuc
884 2307 1123 2367 quoque
1153 2307 1215 2347 se
1246 2288 1580 2348 referebant
1605 2289 1685 2347 ad
1716 2299 1971 2369 tempus·
2033 2289 2057 2347 1
2068 2310 2102 2348 n
2126 2289 2335 2349 eadem
2357 2308 2552 2349 scenae

350 2397 518 2464 parte
556 2383 874 2445 excitatum
920 2384 1049 2456 fuit,
1091 2384 1551 2470 quodtPodium
1593 2386 1997 2466 appellabant,
2040 2388 2177 2465 (etsi
2227 2387 2465 2467 podium
2495 2386 2554 2445 in

354 2481 644 2545 columnis
659 2480 721 2543 id
751 2480 1081 2561 significare
1113 2484 1325 2554 soleat,
1350 2481 1514 2560 quod
1538 2493 1756 2541 vocant
1773 2483 2079 2559 Pedaste,)
2095 2485 2251 2544 circa
2272 2483 2552 2544 secundae

354 2581 616 2659 porticus
646 2578 904 2640 medium
944 2579 1331 2659 prominebat,
1378 2598 1454 2637 ne
1501 2591 1743 2639 noceret
1787 2581 2101 2640 actoribus,
2137 2572 2146 2579 ’
2189 2581 2375 2642 Breve
2407 2601 2559 2661 quo·-

358 2698 472 2758 que
499 2677 632 2749 suit,
657 2690 718 2737 et
744 2695 1067 2756 paucorum
1095 2696 1305 2757 capax,
1337 2676 1519 2755 idque
1561 2677 1681 2735 fere
1706 2677 2018 2736 videbatur
2045 2678 2278 2748 referre,
2306 2678 2467 2758 quod
2497 2679 2559 2736 in

361 2775 626 2836 aedificiis
679 2773 1057 2835 nobilioribus
1101 2775 1258 2833 circa
1305 2771 1628 2832 secundam
1698 2773 1995 2851 praecipue
2056 2774 2561 2852 contignationem

362 2873 689 2951 prominere
735 2872 1002 2932 videmus
1049 2871 1127 2931 ad
1185 2872 1499 2941 fenestraS,
1548 2870 1868 2930 Perronem
1915 2870 2129 2948 vulgus
2178 2881 2374 2941 vocat,
2423 2880 2563 2950 post

362 2970 653 3049 pulpitum
701 2980 965 3029 exertum
1018 2968 1343 3029 videbatur.
1402 3020 1409 3027 .
1450 2969 1732 3047 Opertum
1798 2978 1924 3029 erat
1996 2970 2253 3028 tentorio
2302 2968 2562 3047 quodam

365 3066 607 3147 insigni,
634 3077 696 3125 et
725 3064 887 3144 quod
914 3067 1109 3145 ipsum
1132 3047 1550 3144 {indecumque
1594 3065 1863 3139 ambiret,
1891 3077 1959 3125 ut
1986 3066 2045 3124 in
2078 3085 2149 3126 eo
2177 3066 2461 3126 secretius
2504 3074 2566 3125 et

367 3164 558 3244 magis
585 3163 783 3224 abdite
816 3173 1153 3244 spectarent
1183 3163 1521 3242 Principes,
1540 3163 1642 3242 qui
1693 3182 2118 3247 nonnunquam
2162 3162 2301 3223 illuc
2331 3183 2393 3223 se
2423 3181 2566 3222 con·

368 3262 654 3322 ferebant.
762 3262 915 3320 Nam
961 3280 994 3321 e
1053 3259 1234 3340 podio
1283 3259 1481 3318 Ludos
1522 3279 1593 3318 ac
1644 3259 1979 3320 Comoedias
2034 3270 2336 3340 spectasse
2383 3259 2568 3320 Nero·

372 3378 506 3419 nem
536 3358 740 3418 scribit
780 3358 1179 3437 Tranquillus.
1268 3358 1507 3417 Dictum
1560 3358 1744 3430 aiunt,
1789 3357 1948 3436 quod
2000 3357 2058 3416 in
2102 3377 2172 3417 eo
2202 3368 2567 3437 spectatores

373 3466 477 3514 aut
503 3456 681 3516 etiam
707 3455 975 3516 tibicines
1020 3456 1268 3535 pedibus
1291 3455 1475 3515 innixi
1504 3464 1728 3527 essent,
1769 3475 1890 3515 non
1930 3455 2241 3515 sederent:
2284 3455 2377 3515 v'el
2408 3454 2568 3534 quod

375 3553 434 3613 in
462 3572 536 3612 eo
578 3572 1001 3632 nonnunquam
1033 3553 1283 3632 pedibus
1330 3553 1826 3632 gesticularentur
1867 3552 2183 3612 histriones
2234 3553 2293 3625 in
2333 3562 2570 3612 actuum

376 3649 857 3712 commutatione.
917 3650 1220 3731 Pulpitum
1246 3650 1534 3725 in-scena,
1556 3651 1783 3729 (Graeci
1808 3655 2009 3726 λόγιον
2035 3651 2375 3724 vocabant‚)
2404 3650 2571 3708 locus

378 3756 504 3806 erat
531 3746 591 3806 in
620 3768 794 3827 quern
817 3748 1134 3829 prodibant
1166 3758 1395 3808 actores
1424 3768 1458 3808 e
1501 3749 1721 3808 casulis
1752 3758 1856 3807 aut
1884 3746 2258 3806 domunculis
2289 3746 2413 3804 suis
2443 3764 2576 3805 sce-

382 3843 550 3915 nicis,
566 3844 646 3905 ad
672 3845 1081 3906 recitandum:
1130 3846 1316 3907 nostri
1333 3853 1549 3906 vocant
1569 3844 1970 3924 Eschqffault.
2042 3841 2178 3902 Fuit
2198 3842 2573 3903 exactissime

384 3942 555 4003 situm
585 3953 723 4002 ante
750 3943 1002 4004 frontem
1033 3963 1251 4018 scenae,
1280 3953 1342 4005 et
1366 3945 1501 4005 loco
1528 3943 1716 4024 ipsius
1743 3940 1962 4014 medio,
1991 3940 2091 4020 qui
2112 3941 2349 4001 Theatri
2372 3951 2576 4003 centro

385 4039 809 4118 responderet;
854 4060 1080 4120 semper
1105 4041 1365 4121 ligneum
1394 4042 1523 4113 fuit,
1553 4051 1731 4119 atque
1775 4037 2069 4112 exemtile‚
2098 4038 2275 4099 etiam
2315 4039 2367 4097 si
2395 4056 2578 4098 scena

388 4137 636 4197 structili
665 4138 909 4197 materia
935 4149 1275 4198 constructa
1295 4138 1526 4198 fuisset.
1613 4136 2110 4216 Eximebaturque
2141 4137 2197 4194 in
2222 4137 2575 4196 athletarum

391 4246 452 4295 et
496 4234 891 4314 gladiatorum
938 4234 1313 4315 spectaculis,
1360 4256 1543 4297 scena
1587 4234 1963 4295 nihilominus
2014 4236 2241 4315 integra
2281 4246 2577 4294 manente.
