3050 4942
933 366 1031 415 ns
1080 364 1360 414 marnis
1408 363 1956 418 rnnsurmms,
2415 350 2548 422 247-

593 605 977 666 LICENTIA
1015 602 1571 675 TERENTIANA,
1613 602 1784 690 QUA
1828 601 2284 666 DEFLECTIT

1047 719 1104 779 A
1145 716 1466 778 LATINIS
1509 715 1797 778 EPICIS.

432 861 576 937 Sed,
621 874 690 923 ut
715 864 973 937 redeam,
1022 864 1182 926 unde
1229 863 1535 944 digressus
1581 882 1731 924 sum.
1817 861 1900 922 Ut
1947 881 1983 922 a
2032 860 2258 924 Graecis
2307 862 2548 926 comicis

348 959 726 1021 desciverunt
772 960 965 1022 Latini
1013 982 1120 1042 pro
1158 961 1434 1022 brevibus
1482 959 1725 1041 syllabis
1776 959 1979 1022 tardas
2021 957 2424 1027 infulciendoz
2468 959 2556 1019 ita

349 1056 494 1115 vitio
539 1077 780 1136 prorsus
824 1058 1117 1119 contrario
1162 1070 1507 1141 peccarunt,
1557 1057 1928 1139 corripiendo
1984 1055 2212 1118 scilicet
2265 1053 2555 1137 ejusmodi

353 1151 641 1231 syllabas,
665 1174 802 1233 quae
838 1155 898 1214 in
930 1155 1140 1215 Latino
1185 1175 1456 1216 sermone
1498 1163 1670 1216 erant
1697 1154 1916 1235 longae.
2001 1152 2197 1234 Hujus
2239 1160 2436 1214 autem
2482 1151 2557 1210 li-

352 1249 569 1309 centiae
597 1251 840 1312 modum
871 1271 942 1311 ac
969 1252 1117 1313 fines
1145 1271 1265 1312 non
1307 1251 1566 1332 cujusvis
1596 1262 1691 1311 est
1718 1250 2044 1331 repen-issu
2090 1269 2224 1310 cum
2267 1268 2339 1309 ex
2374 1247 2556 1308 inter-

350 1346 618 1425 pretibus
646 1347 728 1420 bi,
753 1349 856 1427 qni
894 1349 1189 1410 laxissime
1230 1359 1293 1412 et
1320 1350 1475 1411 ultra
1501 1349 1781 1411 terminos
1809 1345 2110 1408 licentiam
2145 1345 2304 1406 hanc
2333 1362 2559 1424 expan-

352 1439 526 1514 dunt,
584 1454 849 1504 monstra
901 1464 1326 1526 nonnunquam
1380 1458 1441 1506 et
1498 1454 1773 1526 portenta
1834 1463 1942 1524 pro
1997 1443 2147 1504 veris
2203 1441 2560 1503 lectionibus

352 1537 633 1606 tuentur:
677 1538 780 1598 alii
806 1552 1032 1614 contra,
1057 1541 1161 1620 qui
1190 1541 1363 1604 nimis
1390 1543 1567 1604 arctis
1597 1560 1726 1604 eam
1766 1541 1998 1604 finibus·
2022 1538 2335 1612 claudunt,
2378 1536 2560 1618 sylla-

350 1632 581 1712 basque
607 1652 816 1694 omnes
844 1634 920 1694 ad
958 1635 1257 1715 epicorum
1303 1640 1610 1717 poetarum
1659 1655 1925 1698 normam
1977 1634 2247 1714 exigunt,
2292 1632 2560 1713 singulos

352 1731 473 1789 fere
502 1750 709 1791 versus
739 1731 965 1792 miseris
993 1732 1208 1807 modis,
1237 1733 1537 1808 addendo,
1564 1732 1928 1805 mutilando,
1956 1730 2324 1802 invertendo,
2352 1739 2565 1792 contra.

352 1825 628 1890 codicum
655 1827 856 1900 fidem,
895 1829 1178 1910 jugulant
1219 1843 1280 1892 et
1317 1831 1639 1892 trucidant.
1725 1829 1883 1891 lllud
1910 1829 1973 1892 in
2000 1827 2343 1892 universum
2371 1826 2560 1888 anim·

357 1924 635 1986 advertas
662 1925 860 1999 velim,
902 1926 1099 1988 nullas
1145 1948 1248 1989 eos
1292 1929 1575 2011 syllabas,
1626 1948 1763 2008 quae
1815 1936 2025 1988 natura
2060 1936 2122 1985 et
2148 1923 2371 2016 vocalis
2414 1940 2564 1983 sono

357 2021 559 2101 longoe
589 2031 751 2095 sunt,
769 2023 1119 2103 corripuisse
1142 2046 1159 2094 3
1190 2025 1298 2088 sed
1327 2046 1430 2087 eas
1458 2035 1713 2108 tantum,
1735 2043 1872 2105 quae
1899 2042 2006 2102 per
2029 2020 2298 2084 vocalem
2323 2017 2565 2100 quidem

356 2118 568 2180 breves
620 2128 809 2192 erant.
855 2121 1147 2200 positione
1197 2134 1395 2184 tamen
1438 2132 1499 2183 et
1541 2119 1995 2186 consonantium
2051 2136 2345 2184 concursu
2386 2116 2564 2177 factae

358 2225 504 2276 sunt
530 2216 752 2296 longae.
841 2216 955 2278 Hae
985 2238 1120 2279 vero
1148 2238 1326 2280 voces
1355 2229 1417 2280 et
1442 2239 1685 2280 numero
1712 2236 1922 2298 paucae
1951 2224 2112 2287 sunt,
2137 2212 2566 2293 monosyllabo

357 2309 479 2377 fere
505 2313 598 2375 vel
617 2316 978 2400 dissyllaboe,
1007 2316 1099 2378 vel
1126 2337 1262 2378 cum
1286 2316 1803 2398 praepositionibus
1832 2312 2218 2396 componitaez
2250 2322 2312 2372 et
2333 2330 2409 2371 ex
2435 2309 2569 2390 ipsa

361 2409 506 2472 sede
561 2412 800 2495 situque
841 2415 1153 2478 commodo
1203 2417 1433 2477 veniam
1483 2425 1797 2478 merentur.
1883 2411 2036 2474 Cum
2083 2419 2292 2472 autem:
2330 2409 2392 2468 in
2434 2408 2571 2489 ipso

361 2515 584 2568 nostrae
614 2510 890 2573 editionis
918 2522 1083 2573 textu
1113 2512 1354 2593 singula
1390 2514 1525 2575 hoec
1561 2514 1622 2573 in
1650 2511 1918 2574 versibus
1950 2506 2200 2588 singulis
2227 2524 2329 2585 per
2356 2524 2570 2566 accen-

361 2610 528 2662 tuum
560 2607 934 2668 intervallum
979 2619 1192 2688 sponte
1223 2629 1287 2671 se
1318 2608 1678 2677 ostendant;
1719 2626 1840 2668 non
1881 2625 2031 2685 opus
2058 2612 2171 2676 est,
2214 2611 2283 2663 ut
2306 2600 2573 2679 singilla-

364 2698 470 2757 tim
499 2700 602 2762 hic
630 2715 1061 2767 enumerentur.
1147 2705 1305 2766 Illud
1334 2715 1564 2765 tantum
1586 2709 1862 2776 monebo,
1887 2700 2055 2781 quod
2082 2706 2220 2759 ante
2250 2716 2344 2756 me
2362 2696 2572 2778 opinor

364 2814 574 2867 nemo:
625 2801 684 2859 in
727 2802 918 2883 primo
961 2803 1081 2864 fere
1123 2823 1400 2864 versuum
1446 2800 1623 2882 pede,
1669 2811 1732 2862 et
1776 2799 2011 2880 parcius
2063 2793 2233 2868 alias,
2273 2792 2572 2858 licentiam

364 2895 522 2955 hanc
564 2899 904 2961 exercuisse
936 2899 1258 2962 Nostrum:
1303 2900 1483 2980 idque
1533 2897 1860 2959 rectissimo
1895 2893 2163 2976 judicio:
2209 2910 2344 2952 cum
2386 2898 2572 2950 actor,

365 2991 425 3050 in
450 2993 570 3053 fine
598 2996 806 3073 prioris
839 3017 1043 3059 versus
1072 2999 1268 3059 anima
1295 3007 1556 3080 recepta,
1599 2997 1840 3079 plenum
1863 2991 2270 3080 rapidumque¹
2303 2986 2570 3067 spiritum

366 3101 575 3171 posset
601 3092 901 3156 effundere
927 3115 942 3155 :

453 3244 575 3307 Sed
604 3245 664 3305 id
693 3245 925 3326 gratum
951 3249 1220 3312 fuisse-

446 3342 594 3404 Sine
611 3342 843 3404 invidia
863 3346 1121 3411 laudem.

1499 3248 1683 3309 Color
1710 3247 1908 3320 verus,
1936 3264 2174 3324 corpus.

1483 3344 1693 3425 Neque
1720 3341 1986 3423 Antipho
2011 3338 2149 3401 alia.
2192 3377 2197 3382 -

450 3439 597 3500 Sine
624 3439 786 3501 omni
812 3443 1054 3521 periclo.

454 3536 709 3616 Propter
730 3535 1007 3617 hospitai.

460 3631 578 3691 Hic
607 3643 703 3693 est
726 3631 830 3693 ille
858 3654 979 3695 non
1004 3625 1087 3697 te.

455 3728 680 3789 Studet
705 3726 815 3808 par
841 3730 1075 3794 referre.
1144 3797 1149 3802 ,
1207 3765 1215 3774 „

464 3825 563 3885 Ob
588 3826 748 3886 hanc
772 3824 1130 3890 inimicitias.

469 3921 563 3981 Ob
595 3922 801 3982 decem
830 3943 999 3984 mnas
1028 3922 1239 4004 lnquit.

478 4017 628 4078 Inde
656 4022 884 4081 sumam
914 4021 1103 4082 uxori.

472 4115 651 4175 Soror
679 4114 842 4177 dicta
870 4126 982 4192 est,
1010 4119 1204 4198 cupio.

478 4211 667 4272 Simul
701 4213 1012 4276 consilium
1039 4233 1177 4276 cum
1204 4235 1287 4276 re.

1485 3441 1610 3503 Sed
1633 3441 1749 3502 hoc
1775 3436 1918 3500 mihi
1946 3435 2263 3498 molestum
2290 3443 2402 3494 est.

1494 3538 1729 3599 Bonum
1755 3533 2061 3615 ingenium
2087 3551 2313 3593 narras.

1493 3634 1618 3694 Sed
1642 3634 1742 3694 hic
1770 3629 2118 3711 Pamphilus
2148 3627 2314 3708 quid.

1493 3730 1555 3791 Is
1581 3730 1722 3792 binc
1747 3728 1972 3792 bellum
1998 3725 2257 3805 fugiens.

1432 3895 1437 3898 ,
1494 3825 1727 3908 Nempe
1753 3822 2192 3888 Phormionem.

1500 3924 1572 3982 In
1600 3922 1757 3983 hanc
1783 3919 2045 3983 nostram
2073 3917 2350 3997 plateam.

1508 4016 1888 4101 Supellectile
1917 4034 2066 4097 opus
2095 4023 2207 4082 est.

1504 4116 1625 4178 Sed
1656 4121 1799 4177 ecca
1825 4111 1960 4195 ipsa
1985 4108 2300 4190 egreditur.

1513 4214 1644 4294 Ego
1671 4201 1974 4284 excludor,
2003 4203 2123 4268 ille.
2153 4249 2162 4255 .
2280 4229 2288 4234 ·
2373 4228 2379 4233 ·
