<?xml version="1.0" encoding="UTF-8"?>
<!DOCTYPE html PUBLIC "-//W3C//DTD XHTML 1.0 Transitional//EN"
    "http://www.w3.org/TR/xhtml1/DTD/xhtml1-transitional.dtd">
<html xmlns="http://www.w3.org/1999/xhtml" xml:lang="en" lang="en">
 <head>
  <title>
</title>
<meta http-equiv="Content-Type" content="text/html;charset=utf-8" />
  <meta name='ocr-system' content='tesseract 3.04.00' />
  <meta name='ocr-capabilities' content='ocr_page ocr_carea ocr_par ocr_line ocrx_word'/>
</head>
<body>
  <div class='ocr_page' id='page_1' title='image "./comoedisex00unkngoog_0279.png"; bbox 0 0 3050 4942; ppageno 0'>
   <div class='ocr_carea' id='block_1_1' title="bbox 733 660 2111 785">
    <p class='ocr_par' dir='ltr' id='par_1_1' title="bbox 733 660 2111 785">
     <span class='ocr_line' id='line_1_1' title="bbox 733 660 2111 785; baseline 0.006 -34"><span class='ocrx_word' id='word_1_1' title='bbox 733 660 2111 785; x_wconf 64' lang='lat' dir='ltr'><strong>AELIIDONATL</strong></span> 
     </span>
    </p>
   </div>
   <div class='ocr_carea' id='block_1_2' title="bbox 883 865 1974 935">
    <p class='ocr_par' dir='ltr' id='par_1_2' title="bbox 883 865 1974 935">
     <span class='ocr_line' id='line_1_2' title="bbox 883 865 1974 935; baseline 0.006 -19"><span class='ocrx_word' id='word_1_2' title='bbox 883 865 949 919; x_wconf 87' lang='lat' dir='ltr'>V.</span> <span class='ocrx_word' id='word_1_3' title='bbox 982 867 1042 919; x_wconf 76' lang='lat' dir='ltr'>C.</span> <span class='ocrx_word' id='word_1_4' title='bbox 1078 867 1441 920; x_wconf 79' lang='lat' dir='ltr'>ORATORIS</span> <span class='ocrx_word' id='word_1_5' title='bbox 1476 870 1690 921; x_wconf 85' lang='lat' dir='ltr'>URBIS</span> <span class='ocrx_word' id='word_1_6' title='bbox 1724 871 1974 935; x_wconf 77' lang='lat' dir='ltr'>ROMA-2,</span> 
     </span>
    </p>
   </div>
   <div class='ocr_carea' id='block_1_3' title="bbox 560 996 2298 1108">
    <p class='ocr_par' dir='ltr' id='par_1_3' title="bbox 560 996 2298 1108">
     <span class='ocr_line' id='line_1_3' title="bbox 560 996 2298 1108; baseline 0.005 -9"><span class='ocrx_word' id='word_1_7' title='bbox 560 1029 1081 1101; x_wconf 83' lang='lat' dir='ltr'><strong>PRAEFATIO</strong></span> <span class='ocrx_word' id='word_1_8' title='bbox 1129 1036 1241 1103; x_wconf 88' lang='lat' dir='ltr'>IN</span> <span class='ocrx_word' id='word_1_9' title='bbox 1284 1035 1759 1103; x_wconf 84' lang='lat' dir='ltr'><strong>ANDRIAM</strong></span> <span class='ocrx_word' id='word_1_10' title='bbox 1803 996 2298 1108; x_wconf 75' lang='lat' dir='ltr'>TERENTII.</span> 
     </span>
    </p>
   </div>
   <div class='ocr_carea' id='block_1_4' title="bbox 296 1232 2523 3733">
    <p class='ocr_par' dir='ltr' id='par_1_4' title="bbox 296 1232 2523 3733">
     <span class='ocr_line' id='line_1_4' title="bbox 327 1232 2516 1323; baseline 0.005 -31"><span class='ocrx_word' id='word_1_11' title='bbox 327 1234 662 1296; x_wconf 69' lang='lat' dir='ltr'>CoMOEmA</span> <span class='ocrx_word' id='word_1_12' title='bbox 690 1237 991 1309; x_wconf 64' lang='lat' dir='ltr'>Annam,</span> <span class='ocrx_word' id='word_1_13' title='bbox 1021 1257 1155 1297; x_wconf 91' lang='lat' dir='ltr'>cum</span> <span class='ocrx_word' id='word_1_14' title='bbox 1197 1232 1453 1296; x_wconf 87' lang='lat' dir='ltr'>Palliata</span> <span class='ocrx_word' id='word_1_15' title='bbox 1494 1234 1589 1309; x_wconf 88' lang='lat' dir='ltr'>sit,</span> <span class='ocrx_word' id='word_1_16' title='bbox 1631 1236 1709 1298; x_wconf 94' lang='lat' dir='ltr'>de</span> <span class='ocrx_word' id='word_1_17' title='bbox 1745 1240 1877 1300; x_wconf 93' lang='lat' dir='ltr'>loco</span> <span class='ocrx_word' id='word_1_18' title='bbox 1905 1260 2116 1302; x_wconf 91' lang='lat' dir='ltr'>nomen</span> <span class='ocrx_word' id='word_1_19' title='bbox 2148 1245 2396 1323; x_wconf 90' lang='lat' dir='ltr'>accepit,</span> <span class='ocrx_word' id='word_1_20' title='bbox 2441 1244 2516 1304; x_wconf 82' lang='lat' dir='ltr'>a¹</span> 
     </span>
     <span class='ocr_line' id='line_1_5' title="bbox 324 1329 2518 1420; baseline 0.004 -28"><span class='ocrx_word' id='word_1_21' title='bbox 324 1329 662 1393; x_wconf 84' lang='lat' dir='ltr'>Menandro</span> <span class='ocrx_word' id='word_1_22' title='bbox 690 1335 873 1414; x_wconf 83' lang='lat' dir='ltr'>priuS,</span> <span class='ocrx_word' id='word_1_23' title='bbox 914 1345 974 1395; x_wconf 89' lang='lat' dir='ltr'>et</span> <span class='ocrx_word' id='word_1_24' title='bbox 1001 1355 1161 1394; x_wconf 88' lang='lat' dir='ltr'>nunc</span> <span class='ocrx_word' id='word_1_25' title='bbox 1190 1338 1263 1395; x_wconf 89' lang='lat' dir='ltr'>ab</span> <span class='ocrx_word' id='word_1_26' title='bbox 1293 1335 1423 1414; x_wconf 92' lang='lat' dir='ltr'>ipso</span> <span class='ocrx_word' id='word_1_27' title='bbox 1451 1335 1765 1397; x_wconf 88' lang='lat' dir='ltr'>Terentio:</span> <span class='ocrx_word' id='word_1_28' title='bbox 1809 1336 1930 1417; x_wconf 88' lang='lat' dir='ltr'>qui,</span> <span class='ocrx_word' id='word_1_29' title='bbox 1961 1358 2094 1399; x_wconf 90' lang='lat' dir='ltr'>cum</span> <span class='ocrx_word' id='word_1_30' title='bbox 2121 1338 2195 1400; x_wconf 91' lang='lat' dir='ltr'>de</span> <span class='ocrx_word' id='word_1_31' title='bbox 2226 1338 2518 1420; x_wconf 82' lang='lat' dir='ltr'><strong>Chryside</strong></span> 
     </span>
     <span class='ocr_line' id='line_1_6' title="bbox 322 1428 2523 1516; baseline 0.005 -30"><span class='ocrx_word' id='word_1_32' title='bbox 322 1428 678 1509; x_wconf 88' lang='lat' dir='ltr'>loqueretur,</span> <span class='ocrx_word' id='word_1_33' title='bbox 721 1430 807 1491; x_wconf 91' lang='lat' dir='ltr'>sic</span> <span class='ocrx_word' id='word_1_34' title='bbox 837 1429 950 1491; x_wconf 87' lang='lat' dir='ltr'>ait:</span> <span class='ocrx_word' id='word_1_35' title='bbox 997 1440 1014 1466; x_wconf 89' lang='lat'>‘</span> <span class='ocrx_word' id='word_1_36' title='bbox 1039 1431 1176 1505; x_wconf 92' lang='lat' dir='ltr'>Hei,</span> <span class='ocrx_word' id='word_1_37' title='bbox 1203 1450 1425 1503; x_wconf 85' lang='lat' dir='ltr'>vereor,</span> <span class='ocrx_word' id='word_1_38' title='bbox 1471 1451 1547 1493; x_wconf 87' lang='lat' dir='ltr'>ne</span> <span class='ocrx_word' id='word_1_39' title='bbox 1586 1432 1728 1510; x_wconf 91' lang='lat' dir='ltr'>quid</span> <span class='ocrx_word' id='word_1_40' title='bbox 1772 1433 1996 1494; x_wconf 85' lang='lat' dir='ltr'><strong>Andria</strong></span> <span class='ocrx_word' id='word_1_41' title='bbox 2022 1444 2292 1516; x_wconf 86' lang='lat' dir='ltr'>apportet</span> <span class='ocrx_word' id='word_1_42' title='bbox 2319 1438 2460 1498; x_wconf 89' lang='lat' dir='ltr'>mali</span> <span class='ocrx_word' id='word_1_43' title='bbox 2485 1439 2523 1497; x_wconf 87' lang='lat'>:&#39;</span> 
     </span>
     <span class='ocr_line' id='line_1_7' title="bbox 322 1525 2515 1614; baseline 0.005 -30"><span class='ocrx_word' id='word_1_44' title='bbox 322 1533 382 1606; x_wconf 84' lang='lat' dir='ltr'>et</span> <span class='ocrx_word' id='word_1_45' title='bbox 406 1525 525 1585; x_wconf 87' lang='lat' dir='ltr'>hoc</span> <span class='ocrx_word' id='word_1_46' title='bbox 552 1545 862 1588; x_wconf 84' lang='lat' dir='ltr'>commune</span> <span class='ocrx_word' id='word_1_47' title='bbox 888 1527 1240 1587; x_wconf 86' lang='lat' dir='ltr'>vocabulum</span> <span class='ocrx_word' id='word_1_48' title='bbox 1269 1536 1363 1587; x_wconf 92' lang='lat' dir='ltr'>est</span> <span class='ocrx_word' id='word_1_49' title='bbox 1390 1537 1451 1586; x_wconf 89' lang='lat' dir='ltr'>et</span> <span class='ocrx_word' id='word_1_50' title='bbox 1475 1528 1535 1586; x_wconf 90' lang='lat' dir='ltr'>in</span> <span class='ocrx_word' id='word_1_51' title='bbox 1579 1528 1794 1588; x_wconf 77' lang='lat' dir='ltr'>Graeca</span> <span class='ocrx_word' id='word_1_52' title='bbox 1834 1542 1895 1588; x_wconf 90' lang='lat' dir='ltr'>et</span> <span class='ocrx_word' id='word_1_53' title='bbox 1940 1529 1998 1589; x_wconf 91' lang='lat' dir='ltr'>in</span> <span class='ocrx_word' id='word_1_54' title='bbox 2030 1531 2241 1591; x_wconf 87' lang='lat' dir='ltr'>Latina</span> <span class='ocrx_word' id='word_1_55' title='bbox 2288 1533 2515 1614; x_wconf 86' lang='lat' dir='ltr'>lingua.</span> 
     </span>
     <span class='ocr_line' id='line_1_8' title="bbox 296 1621 2516 1704; baseline 0.006 -26"><span class='ocrx_word' id='word_1_56' title='bbox 296 1621 472 1683; x_wconf 68' lang='lat' dir='ltr'>⁴Haec</span> <span class='ocrx_word' id='word_1_57' title='bbox 503 1622 709 1702; x_wconf 86' lang='lat' dir='ltr'>majori</span> <span class='ocrx_word' id='word_1_58' title='bbox 737 1644 809 1683; x_wconf 85' lang='lat' dir='ltr'>ex</span> <span class='ocrx_word' id='word_1_59' title='bbox 853 1634 1017 1703; x_wconf 89' lang='lat' dir='ltr'>parte</span> <span class='ocrx_word' id='word_1_60' title='bbox 1067 1623 1325 1683; x_wconf 85' lang='lat' dir='ltr'>Motoria</span> <span class='ocrx_word' id='word_1_61' title='bbox 1371 1634 1500 1692; x_wconf 85' lang='lat' dir='ltr'>est;</span> <span class='ocrx_word' id='word_1_62' title='bbox 1545 1624 1926 1704; x_wconf 83' lang='lat' dir='ltr'><strong>continetque</strong></span> <span class='ocrx_word' id='word_1_63' title='bbox 1972 1636 2141 1687; x_wconf 89' lang='lat' dir='ltr'>actus</span> <span class='ocrx_word' id='word_1_64' title='bbox 2189 1638 2516 1692; x_wconf 84' lang='lat' dir='ltr'>amatorum</span> 
     </span>
     <span class='ocr_line' id='line_1_9' title="bbox 323 1713 2514 1800; baseline 0.004 -21"><span class='ocrx_word' id='word_1_65' title='bbox 323 1713 813 1795; x_wconf 88' lang='lat' dir='ltr'>adolescentium,</span> <span class='ocrx_word' id='word_1_66' title='bbox 853 1731 913 1781; x_wconf 92' lang='lat' dir='ltr'>et</span> <span class='ocrx_word' id='word_1_67' title='bbox 938 1730 1169 1800; x_wconf 86' lang='lat' dir='ltr'>patrum</span> <span class='ocrx_word' id='word_1_68' title='bbox 1197 1721 1449 1800; x_wconf 91' lang='lat' dir='ltr'>piorum.</span> <span class='ocrx_word' id='word_1_69' title='bbox 1533 1721 1686 1780; x_wconf 89' lang='lat' dir='ltr'><strong>Sunt</strong></span> <span class='ocrx_word' id='word_1_70' title='bbox 1712 1721 1793 1781; x_wconf 93' lang='lat' dir='ltr'>ibi</span> <span class='ocrx_word' id='word_1_71' title='bbox 1830 1722 2030 1783; x_wconf 87' lang='lat' dir='ltr'>callidi</span> <span class='ocrx_word' id='word_1_72' title='bbox 2075 1726 2249 1796; x_wconf 86' lang='lat' dir='ltr'>servi,</span> <span class='ocrx_word' id='word_1_73' title='bbox 2278 1738 2514 1795; x_wconf 76' lang='lat' dir='ltr'>astutas</span> 
     </span>
     <span class='ocr_line' id='line_1_10' title="bbox 319 1815 2513 1905; baseline 0.004 -29"><span class='ocrx_word' id='word_1_74' title='bbox 319 1816 575 1889; x_wconf 73' lang='lat' dir='ltr'>ancillae,</span> <span class='ocrx_word' id='word_1_75' title='bbox 607 1817 792 1878; x_wconf 86' lang='lat' dir='ltr'>severi</span> <span class='ocrx_word' id='word_1_76' title='bbox 823 1837 1017 1888; x_wconf 89' lang='lat' dir='ltr'>senes,</span> <span class='ocrx_word' id='word_1_77' title='bbox 1045 1817 1475 1878; x_wconf 81' lang='lat' dir='ltr'>adolescentuli</span> <span class='ocrx_word' id='word_1_78' title='bbox 1512 1815 1807 1879; x_wconf 77' lang='lat' dir='ltr'>liberales·</span> <span class='ocrx_word' id='word_1_79' title='bbox 1890 1820 1959 1879; x_wconf 90' lang='lat' dir='ltr'>In</span> <span class='ocrx_word' id='word_1_80' title='bbox 1987 1821 2121 1896; x_wconf 88' lang='lat' dir='ltr'>hac,</span> <span class='ocrx_word' id='word_1_81' title='bbox 2148 1822 2350 1903; x_wconf 75' lang='lat' dir='ltr'>primae</span> <span class='ocrx_word' id='word_1_82' title='bbox 2378 1845 2513 1905; x_wconf 91' lang='lat' dir='ltr'>par-</span> 
     </span>
     <span class='ocr_line' id='line_1_11' title="bbox 318 1904 2513 1992; baseline 0.004 -20"><span class='ocrx_word' id='word_1_83' title='bbox 318 1923 408 1974; x_wconf 87' lang='lat' dir='ltr'>tes</span> <span class='ocrx_word' id='word_1_84' title='bbox 437 1913 601 1973; x_wconf 86' lang='lat' dir='ltr'>senis</span> <span class='ocrx_word' id='word_1_85' title='bbox 629 1915 886 1975; x_wconf 85' lang='lat' dir='ltr'>Simonis</span> <span class='ocrx_word' id='word_1_86' title='bbox 914 1925 1075 1988; x_wconf 88' lang='lat' dir='ltr'>sunt,</span> <span class='ocrx_word' id='word_1_87' title='bbox 1117 1915 1398 1976; x_wconf 71' lang='lat' dir='ltr'>secundae</span> <span class='ocrx_word' id='word_1_88' title='bbox 1429 1915 1605 1986; x_wconf 87' lang='lat' dir='ltr'>Davi,</span> <span class='ocrx_word' id='word_1_89' title='bbox 1645 1917 1835 1976; x_wconf 70' lang='lat' dir='ltr'>tertiae</span> <span class='ocrx_word' id='word_1_90' title='bbox 1865 1904 2212 1992; x_wconf 77' lang='lat' dir='ltr'>Chremetis,</span> <span class='ocrx_word' id='word_1_91' title='bbox 2258 1930 2321 1981; x_wconf 90' lang='lat' dir='ltr'>et</span> <span class='ocrx_word' id='word_1_92' title='bbox 2347 1920 2513 1981; x_wconf 90' lang='lat' dir='ltr'>dein-</span> 
     </span>
     <span class='ocr_line' id='line_1_12' title="bbox 316 2012 2512 2092; baseline 0.005 -23"><span class='ocrx_word' id='word_1_93' title='bbox 316 2029 457 2089; x_wconf 82' lang='lat' dir='ltr'><strong>ceps</strong></span> <span class='ocrx_word' id='word_1_94' title='bbox 486 2012 860 2089; x_wconf 87' lang='lat' dir='ltr'>reliquorum.</span> <span class='ocrx_word' id='word_1_95' title='bbox 942 2012 1236 2092; x_wconf 81' lang='lat' dir='ltr'><strong>Prologus</strong></span> <span class='ocrx_word' id='word_1_96' title='bbox 1265 2013 1326 2071; x_wconf 87' lang='lat' dir='ltr'>in</span> <span class='ocrx_word' id='word_1_97' title='bbox 1354 2013 1470 2072; x_wconf 92' lang='lat' dir='ltr'>hac</span> <span class='ocrx_word' id='word_1_98' title='bbox 1498 2031 1635 2072; x_wconf 88' lang='lat' dir='ltr'>acer</span> <span class='ocrx_word' id='word_1_99' title='bbox 1661 2013 1981 2086; x_wconf 83' lang='lat' dir='ltr'>inducitur,</span> <span class='ocrx_word' id='word_1_100' title='bbox 2025 2025 2087 2074; x_wconf 87' lang='lat' dir='ltr'>et</span> <span class='ocrx_word' id='word_1_101' title='bbox 2132 2016 2192 2075; x_wconf 91' lang='lat' dir='ltr'>in</span> <span class='ocrx_word' id='word_1_102' title='bbox 2237 2016 2512 2078; x_wconf 86' lang='lat' dir='ltr'>adversa-</span> 
     </span>
     <span class='ocr_line' id='line_1_13' title="bbox 314 2107 2513 2189; baseline 0.004 -22"><span class='ocrx_word' id='word_1_103' title='bbox 314 2107 430 2167; x_wconf 87' lang='lat' dir='ltr'>rios</span> <span class='ocrx_word' id='word_1_104' title='bbox 459 2126 581 2167; x_wconf 88' lang='lat' dir='ltr'>non</span> <span class='ocrx_word' id='word_1_105' title='bbox 607 2107 979 2169; x_wconf 83' lang='lat' dir='ltr'>mediocriter</span> <span class='ocrx_word' id='word_1_106' title='bbox 997 2120 1403 2189; x_wconf 86' lang='lat' dir='ltr'>exasperatus,</span> <span class='ocrx_word' id='word_1_107' title='bbox 1433 2108 1541 2169; x_wconf 86' lang='lat' dir='ltr'>sed</span> <span class='ocrx_word' id='word_1_108' title='bbox 1569 2121 1765 2170; x_wconf 89' lang='lat' dir='ltr'>tamen</span> <span class='ocrx_word' id='word_1_109' title='bbox 1794 2109 1854 2169; x_wconf 91' lang='lat' dir='ltr'>id</span> <span class='ocrx_word' id='word_1_110' title='bbox 1885 2112 2194 2183; x_wconf 84' lang='lat' dir='ltr'>subtiliter,</span> <span class='ocrx_word' id='word_1_111' title='bbox 2218 2126 2286 2174; x_wconf 89' lang='lat' dir='ltr'>ut</span> <span class='ocrx_word' id='word_1_112' title='bbox 2315 2116 2513 2177; x_wconf 88' lang='lat' dir='ltr'>omnia</span> 
     </span>
     <span class='ocr_line' id='line_1_14' title="bbox 312 2201 2511 2293; baseline 0.005 -31"><span class='ocrx_word' id='word_1_113' title='bbox 312 2201 626 2285; x_wconf 79' lang='lat' dir='ltr'>lacessitus</span> <span class='ocrx_word' id='word_1_114' title='bbox 654 2205 845 2266; x_wconf 86' lang='lat' dir='ltr'>facere</span> <span class='ocrx_word' id='word_1_115' title='bbox 871 2204 1159 2279; x_wconf 84' lang='lat' dir='ltr'>videatur,</span> <span class='ocrx_word' id='word_1_116' title='bbox 1189 2225 1259 2267; x_wconf 87' lang='lat' dir='ltr'>ac</span> <span class='ocrx_word' id='word_1_117' title='bbox 1288 2205 1503 2267; x_wconf 84' lang='lat' dir='ltr'>dicere.</span> <span class='ocrx_word' id='word_1_118' title='bbox 1590 2206 1705 2266; x_wconf 91' lang='lat' dir='ltr'>Hic</span> <span class='ocrx_word' id='word_1_119' title='bbox 1734 2208 1989 2287; x_wconf 84' lang='lat' dir='ltr'>protasis</span> <span class='ocrx_word' id='word_1_120' title='bbox 2019 2210 2273 2283; x_wconf 87' lang='lat' dir='ltr'>subtilis,</span> <span class='ocrx_word' id='word_1_121' title='bbox 2324 2213 2511 2293; x_wconf 85' lang='lat' dir='ltr'>epita-</span> 
     </span>
     <span class='ocr_line' id='line_1_15' title="bbox 313 2300 2509 2393; baseline 0.005 -35"><span class='ocrx_word' id='word_1_122' title='bbox 313 2300 396 2358; x_wconf 81' lang='lat' dir='ltr'>sis</span> <span class='ocrx_word' id='word_1_123' title='bbox 439 2301 826 2376; x_wconf 85' lang='lat' dir='ltr'>tumultuosa,</span> <span class='ocrx_word' id='word_1_124' title='bbox 872 2303 1248 2382; x_wconf 84' lang='lat' dir='ltr'>catastrophe</span> <span class='ocrx_word' id='word_1_125' title='bbox 1293 2322 1464 2383; x_wconf 84' lang='lat' dir='ltr'>paene</span> <span class='ocrx_word' id='word_1_126' title='bbox 1512 2303 1778 2393; x_wconf 68' lang='lat' dir='ltr'>tragicag</span> <span class='ocrx_word' id='word_1_127' title='bbox 1823 2314 1884 2363; x_wconf 90' lang='lat' dir='ltr'>et</span> <span class='ocrx_word' id='word_1_128' title='bbox 1927 2313 2123 2365; x_wconf 85' lang='lat' dir='ltr'>tamen</span> <span class='ocrx_word' id='word_1_129' title='bbox 2169 2320 2409 2387; x_wconf 87' lang='lat' dir='ltr'>repente</span> <span class='ocrx_word' id='word_1_130' title='bbox 2436 2329 2509 2369; x_wconf 86' lang='lat' dir='ltr'>ex</span> 
     </span>
     <span class='ocr_line' id='line_1_16' title="bbox 311 2393 2510 2478; baseline 0.005 -24"><span class='ocrx_word' id='word_1_131' title='bbox 311 2394 404 2456; x_wconf 87' lang='lat' dir='ltr'>his</span> <span class='ocrx_word' id='word_1_132' title='bbox 430 2398 620 2457; x_wconf 90' lang='lat' dir='ltr'>turbis</span> <span class='ocrx_word' id='word_1_133' title='bbox 660 2399 721 2457; x_wconf 92' lang='lat' dir='ltr'>in</span> <span class='ocrx_word' id='word_1_134' title='bbox 772 2398 1149 2478; x_wconf 88' lang='lat' dir='ltr'>tranquillum</span> <span class='ocrx_word' id='word_1_135' title='bbox 1198 2399 1484 2478; x_wconf 84' lang='lat' dir='ltr'>pervenit.</span> <span class='ocrx_word' id='word_1_136' title='bbox 1563 2393 1723 2459; x_wconf 84' lang='lat' dir='ltr'>Haec</span> <span class='ocrx_word' id='word_1_137' title='bbox 1763 2400 1954 2477; x_wconf 88' lang='lat' dir='ltr'>prima</span> <span class='ocrx_word' id='word_1_138' title='bbox 1996 2412 2130 2461; x_wconf 90' lang='lat' dir='ltr'>acta</span> <span class='ocrx_word' id='word_1_139' title='bbox 2177 2414 2271 2463; x_wconf 85' lang='lat' dir='ltr'>est</span> <span class='ocrx_word' id='word_1_140' title='bbox 2313 2398 2510 2464; x_wconf 90' lang='lat' dir='ltr'>ludis²</span> 
     </span>
     <span class='ocr_line' id='line_1_17' title="bbox 313 2492 2507 2573; baseline 0.005 -22"><span class='ocrx_word' id='word_1_141' title='bbox 313 2492 780 2573; x_wconf 82' lang='lat' dir='ltr'>Megalensibus,</span> <span class='ocrx_word' id='word_1_142' title='bbox 807 2495 896 2554; x_wconf 88' lang='lat' dir='ltr'>M.</span> <span class='ocrx_word' id='word_1_143' title='bbox 928 2494 1136 2555; x_wconf 90' lang='lat' dir='ltr'>Fulvio</span> <span class='ocrx_word' id='word_1_144' title='bbox 1191 2503 1253 2555; x_wconf 92' lang='lat' dir='ltr'>et</span> <span class='ocrx_word' id='word_1_145' title='bbox 1293 2495 1380 2556; x_wconf 90' lang='lat' dir='ltr'>M.</span> <span class='ocrx_word' id='word_1_146' title='bbox 1429 2493 1750 2555; x_wconf 88' lang='lat' dir='ltr'>Glabrione</span> <span class='ocrx_word' id='word_1_147' title='bbox 1794 2495 2090 2557; x_wconf 86' lang='lat' dir='ltr'>AEdilibus</span> <span class='ocrx_word' id='word_1_148' title='bbox 2138 2498 2507 2563; x_wconf 81' lang='lat' dir='ltr'>Curulibus.³</span> 
     </span>
     <span class='ocr_line' id='line_1_18' title="bbox 311 2588 2506 2671; baseline 0.004 -24"><span class='ocrx_word' id='word_1_149' title='bbox 311 2588 578 2668; x_wconf 85' lang='lat' dir='ltr'>Egerunt</span> <span class='ocrx_word' id='word_1_150' title='bbox 603 2591 668 2651; x_wconf 91' lang='lat' dir='ltr'>L.</span> <span class='ocrx_word' id='word_1_151' title='bbox 700 2590 942 2652; x_wconf 89' lang='lat' dir='ltr'>Attilius</span> <span class='ocrx_word' id='word_1_152' title='bbox 983 2590 1384 2651; x_wconf 77' lang='lat' dir='ltr'>Praenestinus</span> <span class='ocrx_word' id='word_1_153' title='bbox 1427 2600 1488 2651; x_wconf 87' lang='lat' dir='ltr'>et</span> <span class='ocrx_word' id='word_1_154' title='bbox 1539 2590 1603 2650; x_wconf 95' lang='lat' dir='ltr'>L.</span> <span class='ocrx_word' id='word_1_155' title='bbox 1633 2589 1937 2650; x_wconf 91' lang='lat' dir='ltr'>Ambivius</span> <span class='ocrx_word' id='word_1_156' title='bbox 1964 2590 2203 2671; x_wconf 90' lang='lat' dir='ltr'>Turpio.</span> <span class='ocrx_word' id='word_1_157' title='bbox 2285 2595 2506 2657; x_wconf 83' lang='lat' dir='ltr'>Modos</span> 
     </span>
     <span class='ocr_line' id='line_1_19' title="bbox 308 2685 2506 2765; baseline 0.004 -22"><span class='ocrx_word' id='word_1_158' title='bbox 308 2685 451 2748; x_wconf 79' lang='lat' dir='ltr'>fecit</span> <span class='ocrx_word' id='word_1_159' title='bbox 479 2685 753 2761; x_wconf 87' lang='lat' dir='ltr'>Flaccus,</span> <span class='ocrx_word' id='word_1_160' title='bbox 784 2686 1222 2760; x_wconf 81' lang='lat' dir='ltr'>Claudii-filius,</span> <span class='ocrx_word' id='word_1_161' title='bbox 1259 2686 1414 2746; x_wconf 89' lang='lat' dir='ltr'>tibiis</span> <span class='ocrx_word' id='word_1_162' title='bbox 1442 2685 1706 2765; x_wconf 89' lang='lat' dir='ltr'>paribus,</span> <span class='ocrx_word' id='word_1_163' title='bbox 1735 2685 1955 2746; x_wconf 86' lang='lat' dir='ltr'>dextris</span> <span class='ocrx_word' id='word_1_164' title='bbox 1986 2699 2047 2748; x_wconf 91' lang='lat' dir='ltr'>et</span> <span class='ocrx_word' id='word_1_165' title='bbox 2075 2689 2345 2750; x_wconf 84' lang='lat' dir='ltr'>sinistris.</span> <span class='ocrx_word' id='word_1_166' title='bbox 2429 2692 2506 2752; x_wconf 91' lang='lat' dir='ltr'>Et</span> 
     </span>
     <span class='ocr_line' id='line_1_20' title="bbox 308 2776 2504 2860; baseline 0.001 -18"><span class='ocrx_word' id='word_1_167' title='bbox 308 2792 402 2843; x_wconf 88' lang='lat' dir='ltr'>est</span> <span class='ocrx_word' id='word_1_168' title='bbox 428 2792 557 2843; x_wconf 89' lang='lat' dir='ltr'>tota</span> <span class='ocrx_word' id='word_1_169' title='bbox 585 2776 818 2857; x_wconf 84' lang='lat' dir='ltr'>Graeca,</span> <span class='ocrx_word' id='word_1_170' title='bbox 866 2784 1024 2844; x_wconf 86' lang='lat' dir='ltr'>edita</span> <span class='ocrx_word' id='word_1_171' title='bbox 1062 2785 1152 2843; x_wconf 91' lang='lat' dir='ltr'>M.</span> <span class='ocrx_word' id='word_1_172' title='bbox 1183 2780 1473 2842; x_wconf 87' lang='lat' dir='ltr'>Marcello</span> <span class='ocrx_word' id='word_1_173' title='bbox 1498 2791 1562 2841; x_wconf 91' lang='lat' dir='ltr'>et</span> <span class='ocrx_word' id='word_1_174' title='bbox 1587 2781 1700 2841; x_wconf 91' lang='lat' dir='ltr'>Cn.</span> <span class='ocrx_word' id='word_1_175' title='bbox 1732 2781 1994 2860; x_wconf 90' lang='lat' dir='ltr'>Sulpicio</span> <span class='ocrx_word' id='word_1_176' title='bbox 2024 2783 2202 2843; x_wconf 87' lang='lat' dir='ltr'>Coss.</span> <span class='ocrx_word' id='word_1_177' title='bbox 2232 2785 2504 2846; x_wconf 88' lang='lat' dir='ltr'>Pronun-</span> 
     </span>
     <span class='ocr_line' id='line_1_21' title="bbox 304 2878 2501 2959; baseline 0.001 -21"><span class='ocrx_word' id='word_1_178' title='bbox 304 2879 570 2959; x_wconf 83' lang='lat' dir='ltr'>tiataque</span> <span class='ocrx_word' id='word_1_179' title='bbox 619 2891 712 2940; x_wconf 90' lang='lat' dir='ltr'>est</span> <span class='ocrx_word' id='word_1_180' title='bbox 759 2881 1039 2942; x_wconf 65' lang='lat' dir='ltr'>Annum</span> <span class='ocrx_word' id='word_1_181' title='bbox 1086 2881 1447 2951; x_wconf 68' lang='lat' dir='ltr'>TEREN‘rn,</span> <span class='ocrx_word' id='word_1_182' title='bbox 1503 2880 1580 2939; x_wconf 89' lang='lat' dir='ltr'>ob</span> <span class='ocrx_word' id='word_1_183' title='bbox 1625 2878 1988 2958; x_wconf 88' lang='lat' dir='ltr'>incognitum</span> <span class='ocrx_word' id='word_1_184' title='bbox 2045 2879 2241 2942; x_wconf 88' lang='lat' dir='ltr'>adhuc</span> <span class='ocrx_word' id='word_1_185' title='bbox 2288 2901 2501 2954; x_wconf 88' lang='lat' dir='ltr'>nomen</span> 
     </span>
     <span class='ocr_line' id='line_1_22' title="bbox 305 2975 2501 3058; baseline 0.003 -25"><span class='ocrx_word' id='word_1_186' title='bbox 305 2975 534 3049; x_wconf 66' lang='lat' dir='ltr'>Poetoe,</span> <span class='ocrx_word' id='word_1_187' title='bbox 575 2987 641 3037; x_wconf 85' lang='lat' dir='ltr'>et</span> <span class='ocrx_word' id='word_1_188' title='bbox 683 2979 922 3038; x_wconf 88' lang='lat' dir='ltr'>minoris</span> <span class='ocrx_word' id='word_1_189' title='bbox 961 2978 1121 3058; x_wconf 87' lang='lat' dir='ltr'>apud</span> <span class='ocrx_word' id='word_1_190' title='bbox 1159 2977 1443 3057; x_wconf 90' lang='lat' dir='ltr'>populum</span> <span class='ocrx_word' id='word_1_191' title='bbox 1473 2976 1839 3038; x_wconf 83' lang='lat' dir='ltr'>auctoritatis</span> <span class='ocrx_word' id='word_1_192' title='bbox 1881 2996 1951 3037; x_wconf 90' lang='lat' dir='ltr'>ac</span> <span class='ocrx_word' id='word_1_193' title='bbox 1998 2977 2207 3038; x_wconf 87' lang='lat' dir='ltr'>meriti.</span> <span class='ocrx_word' id='word_1_194' title='bbox 2275 2979 2501 3040; x_wconf 81' lang='lat' dir='ltr'>Diver-</span> 
     </span>
     <span class='ocr_line' id='line_1_23' title="bbox 302 3071 2500 3157; baseline 0.003 -27"><span class='ocrx_word' id='word_1_195' title='bbox 302 3071 412 3132; x_wconf 88' lang='lat' dir='ltr'>biis</span> <span class='ocrx_word' id='word_1_196' title='bbox 445 3082 549 3133; x_wconf 89' lang='lat' dir='ltr'>aut</span> <span class='ocrx_word' id='word_1_197' title='bbox 574 3072 874 3133; x_wconf 77' lang='lat' dir='ltr'>canticis⁴</span> <span class='ocrx_word' id='word_1_198' title='bbox 910 3073 1106 3152; x_wconf 90' lang='lat' dir='ltr'>lepide</span> <span class='ocrx_word' id='word_1_199' title='bbox 1135 3073 1418 3134; x_wconf 86' lang='lat' dir='ltr'>distincta</span> <span class='ocrx_word' id='word_1_200' title='bbox 1441 3082 1573 3134; x_wconf 86' lang='lat' dir='ltr'>est:</span> <span class='ocrx_word' id='word_1_201' title='bbox 1616 3082 1697 3145; x_wconf 89' lang='lat' dir='ltr'>et,</span> <span class='ocrx_word' id='word_1_202' title='bbox 1744 3092 2027 3134; x_wconf 87' lang='lat' dir='ltr'>successu</span> <span class='ocrx_word' id='word_1_203' title='bbox 2070 3085 2338 3155; x_wconf 86' lang='lat' dir='ltr'>spectata</span> <span class='ocrx_word' id='word_1_204' title='bbox 2363 3095 2500 3157; x_wconf 86' lang='lat' dir='ltr'>pro-</span> 
     </span>
     <span class='ocr_line' id='line_1_24' title="bbox 303 3168 2499 3247; baseline 0.004 -21"><span class='ocrx_word' id='word_1_205' title='bbox 303 3186 498 3247; x_wconf 83' lang='lat' dir='ltr'>spero,</span> <span class='ocrx_word' id='word_1_206' title='bbox 539 3169 912 3230; x_wconf 87' lang='lat' dir='ltr'>hortamento</span> <span class='ocrx_word' id='word_1_207' title='bbox 961 3171 1164 3229; x_wconf 79' lang='lat' dir='ltr'>Poe&#39;tae</span> <span class='ocrx_word' id='word_1_208' title='bbox 1217 3169 1330 3228; x_wconf 87' lang='lat' dir='ltr'>fuit</span> <span class='ocrx_word' id='word_1_209' title='bbox 1374 3168 1451 3228; x_wconf 89' lang='lat' dir='ltr'>ad</span> <span class='ocrx_word' id='word_1_210' title='bbox 1503 3168 1649 3228; x_wconf 87' lang='lat' dir='ltr'>alias</span> <span class='ocrx_word' id='word_1_211' title='bbox 1699 3170 2178 3232; x_wconf 85' lang='lat' dir='ltr'>conscribendas.</span> <span class='ocrx_word' id='word_1_212' title='bbox 2263 3174 2499 3237; x_wconf 88' lang='lat' dir='ltr'>Initium</span> 
     </span>
     <span class='ocr_line' id='line_1_25' title="bbox 300 3263 2499 3352; baseline 0.004 -29"><span class='ocrx_word' id='word_1_213' title='bbox 300 3274 500 3324; x_wconf 88' lang='lat' dir='ltr'>autem</span> <span class='ocrx_word' id='word_1_214' title='bbox 531 3267 855 3342; x_wconf 69' lang='grc' dir='ltr'>προτακτικὸν</span> <span class='ocrx_word' id='word_1_215' title='bbox 888 3270 1203 3342; x_wconf 80' lang='grc' dir='ltr'>πρόσωπον,</span> <span class='ocrx_word' id='word_1_216' title='bbox 1244 3264 1305 3324; x_wconf 89' lang='lat' dir='ltr'>id</span> <span class='ocrx_word' id='word_1_217' title='bbox 1349 3274 1462 3338; x_wconf 88' lang='lat' dir='ltr'>est,</span> <span class='ocrx_word' id='word_1_218' title='bbox 1505 3263 1886 3325; x_wconf 86' lang='lat' dir='ltr'>adventitiam</span> <span class='ocrx_word' id='word_1_219' title='bbox 1936 3285 2249 3345; x_wconf 87' lang='lat' dir='ltr'>personam</span> <span class='ocrx_word' id='word_1_220' title='bbox 2278 3274 2499 3352; x_wconf 81' lang='lat' dir='ltr'>recepit</span> 
     </span>
     <span class='ocr_line' id='line_1_26' title="bbox 302 3359 2496 3442; baseline 0.005 -24"><span class='ocrx_word' id='word_1_221' title='bbox 302 3360 514 3433; x_wconf 75' lang='lat' dir='ltr'>Sosiae,</span> <span class='ocrx_word' id='word_1_222' title='bbox 544 3373 780 3442; x_wconf 88' lang='lat' dir='ltr'>propter</span> <span class='ocrx_word' id='word_1_223' title='bbox 804 3361 1192 3424; x_wconf 85' lang='lat' dir='ltr'>evolvendam</span> <span class='ocrx_word' id='word_1_224' title='bbox 1221 3359 1552 3441; x_wconf 85' lang='lat' dir='ltr'>argumenti</span> <span class='ocrx_word' id='word_1_225' title='bbox 1579 3360 2017 3423; x_wconf 85' lang='lat' dir='ltr'>obscuritatem.</span> <span class='ocrx_word' id='word_1_226' title='bbox 2099 3362 2362 3426; x_wconf 84' lang='lat' dir='ltr'>Persona</span> <span class='ocrx_word' id='word_1_227' title='bbox 2392 3387 2496 3428; x_wconf 88' lang='lat' dir='ltr'>au·-</span> 
     </span>
     <span class='ocr_line' id='line_1_27' title="bbox 300 3458 2492 3540; baseline 0.005 -26"><span class='ocrx_word' id='word_1_228' title='bbox 300 3466 419 3515; x_wconf 90' lang='lat' dir='ltr'>tem</span> <span class='ocrx_word' id='word_1_229' title='bbox 446 3459 738 3537; x_wconf 84' lang='lat' dir='ltr'>protatica</span> <span class='ocrx_word' id='word_1_230' title='bbox 761 3479 833 3518; x_wconf 90' lang='lat' dir='ltr'>ea</span> <span class='ocrx_word' id='word_1_231' title='bbox 859 3459 1225 3538; x_wconf 85' lang='lat' dir='ltr'>intelligitur,</span> <span class='ocrx_word' id='word_1_232' title='bbox 1274 3479 1429 3538; x_wconf 77' lang='lat' dir='ltr'>quse,</span> <span class='ocrx_word' id='word_1_233' title='bbox 1481 3459 1665 3518; x_wconf 88' lang='lat' dir='ltr'>semel</span> <span class='ocrx_word' id='word_1_234' title='bbox 1699 3458 1948 3523; x_wconf 88' lang='lat' dir='ltr'>inducta</span> <span class='ocrx_word' id='word_1_235' title='bbox 1974 3460 2035 3519; x_wconf 89' lang='lat' dir='ltr'>in</span> <span class='ocrx_word' id='word_1_236' title='bbox 2061 3461 2347 3540; x_wconf 86' lang='lat' dir='ltr'>principio</span> <span class='ocrx_word' id='word_1_237' title='bbox 2380 3465 2492 3524; x_wconf 86' lang='lat' dir='ltr'>Fa·</span> 
     </span>
     <span class='ocr_line' id='line_1_28' title="bbox 296 3553 2493 3636; baseline 0.005 -24"><span class='ocrx_word' id='word_1_238' title='bbox 296 3553 475 3627; x_wconf 74' lang='lat' dir='ltr'>bulae,</span> <span class='ocrx_word' id='word_1_239' title='bbox 503 3555 562 3613; x_wconf 89' lang='lat' dir='ltr'>in</span> <span class='ocrx_word' id='word_1_240' title='bbox 592 3555 771 3614; x_wconf 88' lang='lat' dir='ltr'>nullis</span> <span class='ocrx_word' id='word_1_241' title='bbox 802 3556 1082 3636; x_wconf 89' lang='lat' dir='ltr'>deinceps</span> <span class='ocrx_word' id='word_1_242' title='bbox 1112 3555 1357 3615; x_wconf 83' lang='lat' dir='ltr'>Fabulae</span> <span class='ocrx_word' id='word_1_243' title='bbox 1384 3555 1650 3634; x_wconf 84' lang='lat' dir='ltr'>partibus</span> <span class='ocrx_word' id='word_1_244' title='bbox 1680 3555 2010 3617; x_wconf 81' lang='lat' dir='ltr'>adhibetur.</span> <span class='ocrx_word' id='word_1_245' title='bbox 2067 3560 2493 3622; x_wconf 90' lang='lat' dir='ltr'>Annotandum</span> 
     </span>
     <span class='ocr_line' id='line_1_29' title="bbox 300 3650 2491 3733; baseline 0.005 -25"><span class='ocrx_word' id='word_1_246' title='bbox 300 3668 465 3724; x_wconf 89' lang='lat' dir='ltr'>sane,</span> <span class='ocrx_word' id='word_1_247' title='bbox 494 3650 824 3730; x_wconf 89' lang='lat' dir='ltr'>puellarum</span> <span class='ocrx_word' id='word_1_248' title='bbox 845 3657 864 3691; x_wconf 83' lang='lat'>⁵</span> <span class='ocrx_word' id='word_1_249' title='bbox 895 3652 1222 3715; x_wconf 85' lang='lat' dir='ltr'>liberalium</span> <span class='ocrx_word' id='word_1_250' title='bbox 1243 3653 1467 3713; x_wconf 89' lang='lat' dir='ltr'>nullam</span> <span class='ocrx_word' id='word_1_251' title='bbox 1487 3653 1814 3713; x_wconf 84' lang='lat' dir='ltr'>orationem</span> <span class='ocrx_word' id='word_1_252' title='bbox 1841 3653 1901 3711; x_wconf 87' lang='lat' dir='ltr'>in</span> <span class='ocrx_word' id='word_1_253' title='bbox 1929 3655 2241 3733; x_wconf 76' lang='lat' dir='ltr'>proscenio</span> <span class='ocrx_word' id='word_1_254' title='bbox 2265 3656 2491 3733; x_wconf 90' lang='lat' dir='ltr'>induci,</span> 
     </span>
    </p>
   </div>
   <div class='ocr_carea' id='block_1_5' title="bbox 285 3834 2490 4061">
    <p class='ocr_par' dir='ltr' id='par_1_5' title="bbox 285 3834 2490 4061">
     <span class='ocr_line' id='line_1_30' title="bbox 362 3834 2487 3912; baseline 0.004 -23"><span class='ocrx_word' id='word_1_255' title='bbox 362 3844 390 3889; x_wconf 83' lang='lat'><strong>1</strong></span> <span class='ocrx_word' id='word_1_256' title='bbox 426 3836 500 3892; x_wconf 82' lang='lat' dir='ltr'>Et</span> <span class='ocrx_word' id='word_1_257' title='bbox 521 3859 550 3892; x_wconf 81' lang='lat' dir='ltr'>a</span> <span class='ocrx_word' id='word_1_258' title='bbox 573 3843 700 3894; x_wconf 86' lang='lat' dir='ltr'>dant</span> <span class='ocrx_word' id='word_1_259' title='bbox 720 3845 843 3896; x_wconf 89' lang='lat' dir='ltr'>edd.</span> <span class='ocrx_word' id='word_1_260' title='bbox 867 3840 1056 3911; x_wconf 83' lang='lat' dir='ltr'>Delph.</span> <span class='ocrx_word' id='word_1_261' title='bbox 1080 3854 1136 3897; x_wconf 86' lang='lat' dir='ltr'>et</span> <span class='ocrx_word' id='word_1_262' title='bbox 1156 3846 1219 3895; x_wconf 88' lang='lat' dir='ltr'>Z.</span> <span class='ocrx_word' id='word_1_263' title='bbox 1493 3847 1527 3892; x_wconf 81' lang='grc'>4</span> <span class='ocrx_word' id='word_1_264' title='bbox 1561 3834 1809 3894; x_wconf 60' lang='lat' dir='ltr'>&#39;Diaei-biis</span> <span class='ocrx_word' id='word_1_265' title='bbox 1828 3842 2129 3896; x_wconf 76' lang='lat' dir='ltr'>authenticis.</span> <span class='ocrx_word' id='word_1_266' title='bbox 2169 3844 2258 3895; x_wconf 88' lang='lat' dir='ltr'>Sic</span> <span class='ocrx_word' id='word_1_267' title='bbox 2280 3846 2487 3912; x_wconf 88' lang='lat' dir='ltr'>quidem</span> 
     </span>
     <span class='ocr_line' id='line_1_31' title="bbox 358 3915 2490 3986; baseline 0.004 -21"><span class='ocrx_word' id='word_1_268' title='bbox 358 3919 391 3965; x_wconf 82' lang='lat'>2</span> <span class='ocrx_word' id='word_1_269' title='bbox 419 3915 543 3967; x_wconf 88' lang='lat' dir='ltr'>Vet.</span> <span class='ocrx_word' id='word_1_270' title='bbox 565 3919 682 3969; x_wconf 86' lang='lat' dir='ltr'>cod.</span> <span class='ocrx_word' id='word_1_271' title='bbox 703 3920 853 3970; x_wconf 88' lang='lat' dir='ltr'>Petr.</span> <span class='ocrx_word' id='word_1_272' title='bbox 875 3921 1113 3972; x_wconf 85' lang='lat' dir='ltr'>Danielis</span> <span class='ocrx_word' id='word_1_273' title='bbox 1134 3919 1257 3972; x_wconf 81' lang='lat' dir='ltr'>Hoec</span> <span class='ocrx_word' id='word_1_274' title='bbox 1269 3928 1348 3986; x_wconf 75' lang='lat' dir='ltr'>pr.</span> <span class='ocrx_word' id='word_1_275' title='bbox 1430 3926 1607 3970; x_wconf 76' lang='lat' dir='ltr'>omnes</span> <span class='ocrx_word' id='word_1_276' title='bbox 1630 3921 1813 3985; x_wconf 74' lang='lat' dir='ltr'>scripti</span> <span class='ocrx_word' id='word_1_277' title='bbox 1835 3921 1970 3971; x_wconf 83' lang='lat' dir='ltr'>libri.</span> <span class='ocrx_word' id='word_1_278' title='bbox 2038 3922 2141 3972; x_wconf 87' lang='lat' dir='ltr'>Sed</span> <span class='ocrx_word' id='word_1_279' title='bbox 2171 3937 2273 3973; x_wconf 87' lang='lat' dir='ltr'>non</span> <span class='ocrx_word' id='word_1_280' title='bbox 2305 3924 2490 3975; x_wconf 86' lang='lat' dir='ltr'>dubito</span> 
     </span>
     <span class='ocr_line' id='line_1_32' title="bbox 285 3990 2485 4061; baseline 0.005 -20"><span class='ocrx_word' id='word_1_281' title='bbox 285 3990 422 4050; x_wconf 77' lang='lat' dir='ltr'>facta</span> <span class='ocrx_word' id='word_1_282' title='bbox 442 3998 530 4054; x_wconf 74' lang='lat' dir='ltr'>est,</span> <span class='ocrx_word' id='word_1_283' title='bbox 560 4000 668 4044; x_wconf 77' lang='lat' dir='ltr'>acta</span> <span class='ocrx_word' id='word_1_284' title='bbox 686 3996 826 4044; x_wconf 75' lang='lat' dir='ltr'>ludis.</span> <span class='ocrx_word' id='word_1_285' title='bbox 860 3995 1009 4048; x_wconf 86' lang='lat' dir='ltr'>Lind.</span> <span class='ocrx_word' id='word_1_286' title='bbox 1431 3995 1558 4061; x_wconf 84' lang='lat' dir='ltr'>quin</span> <span class='ocrx_word' id='word_1_287' title='bbox 1594 4011 1717 4046; x_wconf 85' lang='lat' dir='ltr'>vera</span> <span class='ocrx_word' id='word_1_288' title='bbox 1754 3998 1820 4047; x_wconf 85' lang='lat' dir='ltr'>sit</span> <span class='ocrx_word' id='word_1_289' title='bbox 1851 3997 2144 4049; x_wconf 84' lang='lat' dir='ltr'>emendatio</span> <span class='ocrx_word' id='word_1_290' title='bbox 2175 4000 2322 4051; x_wconf 79' lang='lat' dir='ltr'>haec:</span> <span class='ocrx_word' id='word_1_291' title='bbox 2367 4001 2485 4052; x_wconf 73' lang='lat' dir='ltr'>Diu.</span> 
     </span>
    </p>
   </div>
   <div class='ocr_carea' id='block_1_6' title="bbox 358 4067 1861 4135">
    <p class='ocr_par' dir='ltr' id='par_1_6' title="bbox 358 4067 1861 4135">
     <span class='ocr_line' id='line_1_33' title="bbox 358 4067 1861 4135; baseline 0.005 -19"><span class='ocrx_word' id='word_1_292' title='bbox 358 4072 389 4116; x_wconf 77' lang='grc'>3</span> <span class='ocrx_word' id='word_1_293' title='bbox 423 4067 511 4117; x_wconf 78' lang='lat' dir='ltr'>Al.</span> <span class='ocrx_word' id='word_1_294' title='bbox 546 4070 626 4119; x_wconf 88' lang='lat' dir='ltr'>M.</span> <span class='ocrx_word' id='word_1_295' title='bbox 649 4069 822 4120; x_wconf 75' lang='lat' dir='ltr'>Fulvio</span> <span class='ocrx_word' id='word_1_296' title='bbox 839 4073 993 4135; x_wconf 70' lang='lat' dir='ltr'>edile,</span> <span class='ocrx_word' id='word_1_297' title='bbox 1027 4076 1075 4122; x_wconf 85' lang='lat' dir='ltr'>et</span> <span class='ocrx_word' id='word_1_298' title='bbox 1112 4073 1190 4121; x_wconf 88' lang='lat' dir='ltr'>M.</span> <span class='ocrx_word' id='word_1_299' title='bbox 1230 4072 1348 4122; x_wconf 85' lang='lat' dir='ltr'>Gla·</span> <span class='ocrx_word' id='word_1_300' title='bbox 1427 4078 1512 4122; x_wconf 77' lang='lat' dir='ltr'>aut</span> <span class='ocrx_word' id='word_1_301' title='bbox 1531 4072 1745 4122; x_wconf 71' lang='lat' dir='ltr'>canticis.</span> <span class='ocrx_word' id='word_1_302' title='bbox 1780 4073 1861 4123; x_wconf 89' lang='lat' dir='ltr'>Id.</span> 
     </span>
    </p>
   </div>
   <div class='ocr_carea' id='block_1_7' title="bbox 200 4140 2485 4216">
    <p class='ocr_par' dir='ltr' id='par_1_7' title="bbox 200 4140 2485 4216">
     <span class='ocr_line' id='line_1_34' title="bbox 200 4140 2485 4216; baseline 0.006 -25"><span class='ocrx_word' id='word_1_303' title='bbox 200 4154 219 4175; x_wconf 88' lang='lat'><strong>·</strong></span> <span class='ocrx_word' id='word_1_304' title='bbox 298 4140 470 4206; x_wconf 67' lang='lat' dir='ltr'>briaae,</span> <span class='ocrx_word' id='word_1_305' title='bbox 511 4144 575 4200; x_wconf 85' lang='lat' dir='ltr'>Q.</span> <span class='ocrx_word' id='word_1_306' title='bbox 610 4145 826 4195; x_wconf 75' lang='lat' dir='ltr'>Minucio</span> <span class='ocrx_word' id='word_1_307' title='bbox 868 4146 1058 4196; x_wconf 78' lang='lat' dir='ltr'>Valerio</span> <span class='ocrx_word' id='word_1_308' title='bbox 1095 4148 1350 4198; x_wconf 71' lang='lat' dir='ltr'>curulibus.</span> <span class='ocrx_word' id='word_1_309' title='bbox 1496 4156 1525 4199; x_wconf 78' lang='lat'><strong>5</strong></span> <span class='ocrx_word' id='word_1_310' title='bbox 1560 4148 1896 4200; x_wconf 71' lang='lat' dir='ltr'>Annotandum</span> <span class='ocrx_word' id='word_1_311' title='bbox 1911 4165 2041 4214; x_wconf 72' lang='lat' dir='ltr'>sane,</span> <span class='ocrx_word' id='word_1_312' title='bbox 2055 4151 2337 4216; x_wconf 73' lang='lat' dir='ltr'>puellarum]</span> <span class='ocrx_word' id='word_1_313' title='bbox 2369 4154 2485 4204; x_wconf 81' lang='lat' dir='ltr'>Fal-</span> 
     </span>
    </p>
   </div>
   <div class='ocr_carea' id='block_1_8' title="bbox 294 4214 2483 4292">
    <p class='ocr_par' dir='ltr' id='par_1_8' title="bbox 294 4214 2483 4292">
     <span class='ocr_line' id='line_1_35' title="bbox 294 4214 2483 4292; baseline 0.007 -25"><span class='ocrx_word' id='word_1_314' title='bbox 294 4214 371 4269; x_wconf 88' lang='lat' dir='ltr'>Id.</span> <span class='ocrx_word' id='word_1_315' title='bbox 1430 4240 1543 4277; x_wconf 78' lang='lat' dir='ltr'>sum</span> <span class='ocrx_word' id='word_1_316' title='bbox 1564 4231 1665 4290; x_wconf 81' lang='lat' dir='ltr'>est,</span> <span class='ocrx_word' id='word_1_317' title='bbox 1695 4227 1833 4292; x_wconf 88' lang='lat' dir='ltr'>quod</span> <span class='ocrx_word' id='word_1_318' title='bbox 1855 4226 2086 4279; x_wconf 87' lang='lat' dir='ltr'>hocloco</span> <span class='ocrx_word' id='word_1_319' title='bbox 2116 4237 2291 4281; x_wconf 83' lang='lat' dir='ltr'>monet</span> <span class='ocrx_word' id='word_1_320' title='bbox 2309 4222 2483 4282; x_wconf 73' lang='lat' dir='ltr'>Dona-</span> 
     </span>
    </p>
   </div>
  </div>
 </body>
</html>
