3050 4942
933 385 1245 441 Annam
1293 390 1458 442 Aer.
1507 387 1592 443 vv
1622 392 1731 443 so.
1779 391 1881 442 tv.
2372 379 2504 445 379

1303 536 1518 588 NOTAE

312 636 396 680 est
430 629 761 695 supplicatio.
804 627 929 681 Sall.
963 630 1014 681 in
1057 631 1212 684 Catil.
1263 634 1280 663 ‘
1306 632 1369 682 In
1451 635 1586 684 nico.
1628 634 1835 685 Tacitus
1872 632 1961 687 lib.
2004 647 2095 686 111.
2136 634 2276 686 Anu.
2318 636 2371 687 iu
2403 637 2501 690 liae

311 707 583 771 suppliciis
635 708 864 756 Deorum
908 707 1182 772 magnifici,
1231 708 1370 758 domi
1450 712 1846 776 significatione.
1922 713 2110 762 Sensus
2173 713 2327 778 hujus
2396 716 2503 766 loci

308 783 475 847 parci,
510 784 561 832 in
596 784 787 833 amicos
810 783 991 834 fideles
1014 784 1200 835 erant.'
1257 784 1367 834 Ibi·
1449 789 1582 839 hanc
1620 789 2100 852 interpretationem
2139 790 2360 853 recipit:
2391 792 2500 841 Pro

311 863 465 915 dem:
510 865 527 894 ‘
552 865 671 915 Nou
710 864 863 926 votis,
897 879 1067 929 neque
1104 865 1370 930 suppliciis
1445 872 1667 928 peccato
1690 879 1874 927 magno
1899 878 2056 928 parva
2077 866 2390 929 snpplicatio
2407 866 2500 918 filii

308 941 648 992 muliebribus
692 941 881 992 auxilia
919 943 1150 992 Deorum
1186 956 1368 1007 paran-
1447 947 1650 1005 patrem
1675 941 1860 992 iratum
1883 938 2036 990 facile
2061 941 2254 1005 placat.
2457 950 2460 951 ’

311 1019 435 1069 tur!
486 1020 573 1071 Sic
588 1018 762 1092 Livius
786 1018 874 1069 lib.
897 1032 995 1069 vu.
1014 1018 1081 1069 de
1105 1019 1240 1070 bello
1263 1020 1367 1068 Pu·

901 1367 1211 1435 ACTUS
1256 1368 1345 1435 V.
1434 1369 1748 1437 SCENA
1793 1370 1921 1437 lV.

621 1539 867 1587 GRI'ro.
957 1537 1333 1588 CHREMES.
1422 1538 1627 1591 slMO.
1717 1541 2181 1591 PAMPfflLUS.

308 1640 444 1706 cn.
489 1640 746 1703 Mrr‘rss
778 1660 1002 1706 orare:
1066 1659 1204 1705 uua
1251 1639 1483 1706 harum
1514 1642 1777 1725 quaevis
1808 1662 2024 1709 causa
2050 1664 2178 1722 me,
2210 1648 2287 1710 ut
2328 1644 2494 1711 faci-

568 1762 699 1821 am,
726 1749 988 1808 mouet:
2303 1758 2309 1767 ‘

303 1843 437 1909 Vel
467 1851 562 1923 tu,
591 1847 698 1911 vel
728 1847 909 1931 quod
939 1865 1169 1912 verum
1197 1851 1328 1924 est,
1360 1845 1468 1910 vel
1498 1845 1679 1929 quod
1707 1844 1846 1929 ipsi
1877 1848 2080 1934 cupio
2111 1846 2456 1931 Glycerio,

306 1947 446 2013 CH.
491 1948 821 2014 Andrium
853 1969 977 2033 ego
1006 1948 1347 2015 Critonem
1376 1949 1572 2037 video
1592 1951 1622 2013 ‘t
1653 1956 1828 2015 certe
1852 1946 1915 2015 is
1945 1955 2071 2015 est.
2159 1951 2290 2016 CR.
2350 1952 2496 2016 Sal-

564 2071 693 2116 vos
724 2051 847 2130 sie,
881 2051 1182 2118 Chreme.

303 2150 442 2216 Gn.
488 2150 673 2231 Quid
725 2160 799 2219 tu
854 2153 1178 2233 AthenaS,
1235 2154 1579 2221 insoleus?
1665 2153 1799 2220 CR.
1844 2154 2106 2220 Evenit.
2168 2153 2302 2220 Sed
2358 2153 2496 2219 hic·

565 2255 710 2322 ciue
738 2254 825 2321 'st
852 2255 1039 2321 Simo
1061 2257 1093 2321 ‘l

365 2426 468 2476 ca.
501 2426 682 2476 Desine
699 2441 774 2478 nse
793 2442 950 2478 orare.
1021 2427 1126 2477 Una
1147 2426 1323 2492 quoevis
1343 2427 1507 2478 harum
1531 2428 1677 2478 trium
1698 2443 1945 2478 causarum
1964 2428 2082 2477 sotis
2112 2442 2186 2478 me
2211 2427 2423 2486 adducit,
2443 2432 2497 2476 ut

299 2501 397 2540 meo
419 2492 685 2541 testimonio
704 2507 788 2542 con
825 2508 987 2554 rmem,
1020 2492 1295 2556 Glycerium
1313 2507 1412 2543 esse
1448 2494 1595 2542 civem
1624 2495 1859 2543 Atticam.
1933 2494 2020 2543 Vel
2039 2492 2113 2540 tui
2135 2491 2279 2554 ratio,
2301 2492 2374 2541 vel
2392 2492 2497 2555 ipsa

296 2556 498 2619 veritos,
516 2557 591 2605 vel
622 2559 741 2620 qaod
803 2572 886 2606 ene
903 2563 1011 2621 opto
1042 2557 1138 2620 ipsi
1162 2558 1400 2620 Glycerio.
1468 2558 1573 2607 Cn.
1610 2559 1778 2606 Nonne
1804 2559 2043 2623 Critonem
2063 2555 2300 2605 Andrium
2320 2555 2455 2604 video
2469 2552 2495 2605 2

300 2621 373 2669 Et
394 2626 521 2670 certe
543 2622 586 2669 is
611 2629 700 2673 ese.
767 2622 924 2685 Salve,
955 2622 1112 2671 crito.
1182 2621 1311 2676 Quid
1347 2626 1401 2671 tu
1435 2621 1651 2671 Athenas
1684 2627 1863 2685 preter
1896 2622 2085 2670 solitam
2120 2620 2330 2669 venisti?
2394 2620 2495 2668 Cn.

303 2686 431 2735 cm
451 2686 504 2735 id
534 2687 752 2750 contigit.
818 2686 915 2737 Sed
947 2700 1100 2736 nonne
1130 2684 1226 2750 hic,
1262 2700 1397 2749 quem
1432 2686 1639 2748 intueor,
1670 2686 1806 2735 Simo
1827 2686 1938 2737 est?
2002 2685 2107 2735 Cu.
2132 2683 2237 2733 Hic
2255 2689 2347 2733 est.
2411 2684 2492 2733 sn.

1216 2826 1365 2849 “00'‘
1370 2828 1423 2849 θ’
1430 2828 1482 2847 06
1487 2826 1576 2848 000

359 2930 390 2976 8
424 2924 739 2978 Manifestus
760 2927 885 2978 mihi
907 2941 1055 2978 error
1076 2926 1288 2996 videtur
1308 2924 1407 2977 hoc
1431 2929 1482 2979 iu
1506 2929 1542 2978 1.
1593 2925 1777 2978 Malim
1804 2927 1964 2992 igitur
1984 2927 2061 2976 ita
2081 2926 2357 2976 ordinare:
2384 2926 2491 2976 Cn.

294 2989 536 3040 Andrium
557 3006 644 3053 ego
670 2991 911 3043 Critonem
931 2989 1102 3043 video?
1131 2998 1259 3042 certe
1280 2993 1324 3042 is
1344 2998 1431 3042 est.
1500 2993 1658 3052 Crito,
1685 2995 1840 3042 salvos
1873 2993 1957 3043 sis.
2026 2992 2156 3048 Quid
2192 2996 2245 3040 tu
2276 2990 2495 3042 Athens

292 3053 533 3106 tantm?
585 3059 685 3108 CR.
711 3057 908 3108 Evenit.
974 3057 1079 3107 Sed
1108 3065 1162 3107 et
1184 3057 1259 3107 ita
1280 3058 1384 3107 Do.
1410 3058 1596 3121 legisse
1617 3057 1867 3123 conjicias
1888 3072 1954 3107 ex
1976 3056 2089 3120 ejus
2111 3056 2301 3107 verbis.
2337 3057 2492 3108 West.

292 3121 347 3169 Is
379 3120 612 3171 detraxit
651 3122 739 3170 Er.
805 3123 917 3186 Ego
941 3130 1060 3186 post
1082 3137 1196 3172 eam
1220 3122 1704 3187 interrogationem,
1729 3124 1860 3174 And.
1895 3138 1937 3173 e.
1974 3124 2059 3172 Cr.
2088 3118 2259 3173 video?
2290 3127 2337 3170 et
2368 3126 2495 3180 certe

290 3184 480 3248 subjici
503 3200 604 3238 non
669 3193 759 3236 uto
780 3187 1066 3237 commode.
1130 3187 1300 3251 Ecere,
1334 3202 1434 3237 non
1465 3193 1513 3237 et
1545 3194 1671 3239 certe
1707 3194 1832 3251 puto
1866 3187 2132 3250 scripsisse
2170 3186 2491 3236 Terentium.

291 3249 449 3301 Ecere
467 3201 771 3302 adverssium
795 3257 876 3301 est
889 3250 1120 3317 jurandi.
1157 3252 1278 3302 (ἴου.
1343 3254 1484 3318 Lege
1504 3253 1550 3304 is
1569 3258 1695 3304 certe
1714 3257 1801 3303 est.
1832 3253 1988 3303 Bent.
2036 3251 2314 3303 Accedunt
2334 3251 2493 3302 Both.

1292 3398 1506 3449 NOTAE

351 3498 384 3543 4
424 3493 558 3551 Quid
573 3498 628 3542 tu
648 3491 881 3559 Athenas,
898 3492 1125 3557 insolens]
1164 3493 1181 3522 ‘
1198 3493 1345 3544 Inso·
1430 3495 1530 3542 διο.
1574 3493 1590 3520 ‘
1613 3492 1791 3557 Atque
1825 3490 1902 3556 id,
1935 3478 2130 3557 quod'a
2152 3492 2379 3554 Caesaoe,
2403 3507 2491 3542 ex-

286 3569 437 3631 lens‚’
458 3576 543 3619 est
573 3578 770 3635 praeter
803 3571 1009 3620 solitum
1046 3578 1103 3619 et
1134 3582 1348 3620 cousue-
1429 3569 1670 3619 cellentis
1689 3569 1879 3632 ingenii
1891 3568 2074 3631 viro,in
2092 3568 2256 3632 primo
2272 3569 2338 3618 de
2350 3568 2492 3619 Aua·

288 3645 527 3696 tudinem
581 3652 738 3698 tuam.
792 3645 898 3696 Hic
935 3652 950 3675 ‘
974 3645 1222 3696 insoleus'
1265 3660 1350 3695 ac·
1428 3645 1570 3708 logia
1610 3645 1857 3708 scriptum
1892 3649 1992 3707 est,
2024 3643 2159 3693 habe
2194 3658 2400 3708 semper
2434 3645 2489 3694 iu

282 3721 394 3772 tive
409 3722 652 3785 sumitur,
668 3728 726 3772 ut
744 3722 1031 3786 sepissime
1047 3723 1181 3773 solet
1195 3721 1346 3772 sumi.
1430 3722 1675 3771 memoria
1700 3727 1855 3785 atque
1876 3725 2120 3784 pectore3
2153 3726 2212 3770 ut
2244 3726 2489 3785 tauquam

283 3798 465 3848 Plaut.
501 3798 554 3847 iu
595 3796 784 3862 Amph.
821 3799 837 3826 ‘
860 3797 916 3847 Si
938 3796 1118 3847 dixero
1140 3797 1348 3847 menda·
1428 3798 1695 3862 scopulum
1717 3795 1886 3860 fugias
1908 3795 2194 3845 inauditum
2228 3801 2385 3859 atque
2413 3795 2488 3845 iu·

283 3874 449 3935 oium,
472 3874 640 3922 solens
664 3888 778 3923 meo
814 3887 955 3923 more
974 3872 1204 3949 fecero!
1257 3873 1346 3923 Sic
1427 3875 1595 3924 solens
1615 3872 1870 3924 verbum.⁸
1917 3873 2110 3923 Verum
2135 3886 2237 3921 non
2248 3872 2488 3936 jungitur

280 3949 424 4000 idem
461 3949 515 3999 in
549 3950 706 3999 Truc.
746 3951 871 4003 Sall.
907 3953 926 3981 ‘
950 3950 1186 4001 Insolens
1221 3966 1345 4001 vera
1426 3964 1543 3999 cum
1563 3948 1818 3999 infinitivo
1842 3947 2078 4012 passiv03
2104 3953 2164 3997 ut
2184 3949 2200 3976 ‘
2226 3940 2486 3997 insolitus?

286 4025 622 4091 accipiendi!
667 4026 770 4076 Sed
803 4035 858 4077 et
878 4026 1081 4091 passive
1112 4027 1349 4079 sumitur.
1426 4033 1480 4076 et
1504 4026 1520 4054 ‘
1541 4025 1757 4076 solitus.’
1811 4025 1998 4090 Neque
2029 4025 2163 4074 enim
2197 4024 2337 4074 dicas
2374 4024 2489 4074 ‘so-

288 4104 479 4154 Hotat.
502 4117 590 4153 111.
613 4103 788 4152 Carm.
812 4103 918 4154 Od.
939 4106 1023 4152 29.
1079 4103 1095 4131 ‘
1120 4104 1353 4153 Fortuna
1426 4102 1537 4151 lens
1560 4109 1640 4152 est
1660 4103 1758 4152 hoe
1778 4100 1926 4166 fleri,'
1943 4106 2004 4151 ut
2024 4101 2040 4129 ‘
2062 4102 2269 4151 solitum
2287 4106 2368 4151 est
2388 4101 2485 4151 hoe

287 4193 430 4231 saevo
453 4179 573 4228 laeta
589 4178 801 4240 negotio
822 4178 1024 4228 Ludum
1046 4178 1352 4233 insolentem
1425 4177 1578 4229 fieri!
1630 4177 1705 4228 At
1721 4177 1779 4226 τὸ
1802 4178 1818 4206 ‘
1838 4174 2047 4233 solitus?
2069 4177 2122 4226 iu
2144 4183 2362 4243 utraque
2385 4179 2486 4243 sig·

288 4253 470 4306 ludere
509 4252 788 4319 pertinax.’
837 4254 975 4306 Geli.
1009 4253 1101 4305 lib.
1130 4267 1171 4305 1.
1195 4254 1353 4306 Noct.
1427 4253 1729 4309 nificatioue
1754 4254 1999 4316 usitatum
2022 4261 2119 4305 est.
