3050 4942
527 358 614 423 6ss
1368 370 1466 417 nn
1512 370 1613 416 ΤΗ
1627 369 1899 417 EA'rRo.

527 517 663 588 cria,
701 515 957 575 admisto
997 513 1490 592 pronuntiationis
1540 513 1804 585 modu10,
1850 531 1991 591 quc,
2026 511 2181 570 dum
2210 521 2380 572 actus
2408 520 2733 571 commuta-

527 615 760 682 bantur,
799 611 1055 692 populus
1083 610 1464 670 detineretur.
1550 609 1937 688 Compitalitii
1984 618 2181 669 autern
2233 608 2383 668 Ludi
2425 607 2587 680 dicti,
2632 606 2733 686 qui

529 730 633 788 per
659 708 916 787 compita
940 709 1200 774 fiebant;
1246 728 1562 786 scenaeque
1593 708 1847 768 ductiles
1879 708 1937 764 in
1968 706 2249 786 plaustris
2279 707 2357 765 ob
2383 705 2444 766 id
2476 705 2735 784 antiquis

528 806 901 884 excogitatae.
986 804 1206 867 Postea
1233 825 1371 864 vero
1409 806 1651 874 facturn,
1698 815 1766 863 ut
1814 803 1995 862 Ludis
2025 803 2275 883 publicis
2303 812 2363 863 et
2390 804 2449 862 in
2478 803 2737 865 Theano

531 913 843 983 agerentur
876 902 1066 961 Novae
1093 901 1417 960 Comoediae
1449 901 1607 981 apud
1641 901 1965 960 Romanos.

612 999 810 1062 Ludos
838 1000 1130 1058 vocabant
1157 998 1392 1078 publica
1422 998 1790 1076 spectacula,
1835 1017 1973 1075 quae
2000 1007 2125 1057 tum
2155 997 2215 1056 in
2247 998 2498 1078 gratiam
2526 996 2735 1076 populi

525 1099 650 1158 fieri
677 1097 936 1157 solerent
979 1115 1014 1154 a
1059 1107 1289 1162 senatu,
1329 1104 1390 1155 et
1435 1115 1471 1153 a
1511 1094 1872 1174 principibus
1912 1094 2161 1167 institui,
2214 1095 2307 1155 vel
2351 1094 2428 1154 ad
2472 1095 2736 1154 savorem

528 1193 732 1275 populi
761 1191 1199 1252 conciliandum
1226 1195 1320 1268 (ut
1346 1191 1666 1250 nonnullos
1715 1189 1987 1250 Caesares
2037 1190 2251 1251 fecisse
2301 1191 2597 1271 legimus),
2640 1190 2738 1250 vel

529 1291 609 1352 ad
638 1291 960 1350 animorum
987 1289 1408 1350 relaxationem
1439 1300 1498 1349 et
1526 1288 2003 1348 oblectationem.
2053 1283 2056 1287 ’
2092 1288 2290 1348 Multo
2318 1287 2509 1366 magis
2538 1287 2617 1347 ad
2644 1306 2739 1346 re-

527 1388 811 1468 ligionem
841 1387 1090 1448 instituti
1122 1399 1260 1447 sunt
1292 1387 1460 1446 Ludi.
1521 1386 1677 1446 Nam
1710 1387 1840 1446 Diis
1869 1395 2009 1466 post
2030 1385 2321 1448 sacrificia
2340 1386 2517 1446 etiam
2541 1383 2738 1444 Ludos

533 1485 804 1565 publicos
833 1487 1282 1544 consecrabant.

618 1582 767 1642 Ludi
804 1582 999 1659 igitur,
1045 1591 1104 1641 et
1148 1581 1418 1653 Ludicra,
1465 1601 1601 1660 quae
1632 1581 1807 1639 etiam
1841 1579 2181 1642 certamina
2212 1588 2498 1639 vocarunt
2526 1579 2738 1653 Latini,

537 1678 735 1738 Graeci
765 1679 1030 1758 Agonas,
1077 1678 1392 1736 multorum
1439 1697 1721 1757 generum
1750 1675 2024 1736 fuerunt:
2066 1695 2261 1755 neque
2288 1696 2427 1737 vero
2455 1696 2577 1736 uno
2605 1687 2739 1736 tan-

531 1786 657 1835 tum
685 1775 1028 1856 spectaculo
1051 1776 1111 1834 in
1147 1774 1396 1854 publicis
1426 1772 1606 1833 Ludis
1644 1772 2015 1833 detinebatur
2053 1774 2334 1854 populus.
2420 1773 2605 1832 Erant
2635 1793 2739 1832 au-

536 1884 655 1934 tem
685 1873 834 1933 Ludi
860 1872 1134 1953 Gymnici
1164 1882 1225 1930 et
1253 1871 1572 1930 Athletici:
1618 1868 1765 1928 Ludi
1798 1869 2144 1930 Circenses:
2176 1869 2326 1929 Ludi
2358 1869 2737 1929 Gladiatorii:

535 1981 597 2032 et
627 1971 778 2031 Ludi
821 1970 1093 2036 Scenici;
1138 1968 1212 2027 de
1245 1967 1460 2047 quibus
1490 1986 1652 2025 nunc
1684 1964 2029 2044 singulatim
2065 1977 2159 2025 est
2200 1967 2405 2045 paucis
2444 1966 2741 2025 disseren-

535 2068 701 2140 dum,
731 2067 941 2146 partim
969 2087 1043 2126 ex
1072 2064 1322 2136 Budaeo,
1350 2075 1572 2124 nostrae
1603 2062 1819 2122 Galliae
1848 2063 2089 2135 lumine,
2120 2063 2331 2142 partim
2358 2084 2431 2124 ex
2452 2062 2739 2135 VitruviO,

537 2163 820 2236 Luciano,
851 2175 910 2223 et
938 2162 1066 2222 aliis
1097 2161 1356 2241 antiquis
1388 2161 1749 2221 auctoribus.

617 2261 894 2340 Gymnici
913 2269 973 2319 et
993 2258 1274 2318 Athletici
1305 2258 1454 2318 Ludi
1482 2260 1541 2318 in
1564 2258 1859 2338 palaestris
1884 2279 1955 2319 ac
1985 2258 2309 2339 gymnasiis
2334 2259 2556 2318 fiebant
2578 2257 2738 2337 apud

539 2357 806 2427 GraecOS,
851 2377 987 2435 quae
1036 2357 1169 2416 loca
1209 2357 1449 2416 fuerunt
1475 2356 1820 2416 exercendis
1849 2367 1911 2416 et
1936 2356 2198 2435 corporis
2228 2366 2288 2416 et
2314 2355 2750 2416 animi'viribus*

536 2453 1006 2514 accommodata.
1095 2454 1248 2512 Nam
1297 2453 1474 2513 etiam
1509 2455 1568 2512 in
1597 2452 1668 2512 iis
1696 2453 1991 2532 palaestris
2022 2463 2126 2512 aut
2153 2450 2478 2534 gymnasiis
2506 2450 2739 2512 exedrae

536 2552 796 2623 fuerunt,
843 2551 901 2610 in
949 2551 1165 2629 quibus
1207 2550 1548 2630 philosophi
1590 2550 1787 2610 Graeci
1826 2550 2101 2611 sedentes
2132 2549 2535 2629 disputabant.
2620 2548 2741 2608 Sed

538 2658 600 2707 et
641 2648 936 2728 palaestrae
976 2648 1294 2726 appellatio
1325 2641 1557 2708 omnem
1586 2648 1925 2708 athleticam
1957 2658 2144 2706 artem
2171 2657 2232 2706 et
2261 2646 2741 2707 exercitationem

538 2746 966 2825 complectitur,
991 2745 1468 2823 decentiamque:
1501 2764 1621 2823 qua
1648 2755 1861 2815 status,
1889 2751 2109 2815 motus,
2131 2743 2437 2822 flexusque
2457 2741 2741 2822 corporis,

541 2863 610 2903 ac
636 2862 838 2901 omnes
869 2842 1106 2902 omnino
1138 2843 1375 2901 habitus
1408 2852 1778 2901 venustatem
1806 2841 2107 2919 quandam
2130 2841 2507 2919 leporemque
2528 2859 2653 2918 prae
2676 2859 2741 2899 se

539 2940 770 2998 ferunt:
813 2958 989 3016 quam
1036 2941 1135 3016 qui
1181 2959 1298 2998 non
1347 2939 1697 3010 didicerant,
1746 2939 1785 2996 ii
1836 2937 2147 3017 apalaestoi
2192 2939 2266 2996 ab
2313 2935 2569 3014 antiquis
2600 2935 2743 2996 dicti

540 3047 698 3093 sunt.
784 3034 930 3093 Eam
961 3054 1097 3095 vero
1126 3045 1308 3095 artem
1339 3037 1440 3114 qui
1469 3037 1842 3107 exercebant,
1891 3047 1994 3094 aut
2022 3035 2126 3114 qui
2162 3035 2219 3094 in
2258 3034 2535 3114 palaestra
2576 3053 2741 3094 exer-

539 3131 844 3194 cebantur,
874 3128 967 3188 vel
999 3129 1384 3190 decertabant
1415 3131 1714 3208 praemiis,
1736 3131 2077 3210 palaestritae
2117 3130 2212 3192 vel
2252 3131 2569 3210 palaestrici
2600 3127 2746 3194 dieti

541 3236 710 3286 sunt:
757 3225 1080 3306 Gymnicos
1112 3226 1307 3286 Graeci
1335 3229 1511 3287 etiam
1542 3238 1847 3299 vocarunt,
1877 3228 2038 3307 quod
2066 3228 2212 3287 nudi
2240 3227 2479 3288 athletae
2508 3246 2744 3288 exerce-

540 3333 759 3387 rentur.
845 3325 1121 3383 Ceterum
1169 3325 1230 3381 in
1276 3324 1556 3404 palaestra
1606 3325 1899 3406 gymnasii
1947 3324 2166 3402 (inquit
2217 3323 2493 3399 Plautus)
2539 3343 2741 3396 cursu,

541 3419 844 3490 luctand0‚
881 3420 1074 3491 hasta,
1120 3420 1306 3492 disco,
1353 3421 1647 3499 pugilatu,
1694 3419 1963 3480 saliendo
2005 3440 2071 3479 se
2099 3421 2452 3479 exercebant
2479 3418 2740 3483 athletae,

543 3515 899 3599 Hujusrnodi
945 3517 1091 3576 Ludi
1129 3518 1190 3575 in
1223 3517 1450 3595 Campo
1484 3517 1703 3577 Martio
1735 3517 1895 3596 apud
1927 3517 2231 3577 Romanus
2277 3516 2401 3574 fieri
2444 3516 2740 3578 solebant.

623 3611 741 3681 Qui
770 3615 1083 3674 currebant
1109 3615 1167 3672 in
1201 3614 1380 3674 Ludis
1409 3615 1743 3693 GymniciS,
1786 3616 1901 3673 hoc
1941 3623 2053 3685 est,
2096 3634 2272 3673 cursu
2302 3631 2549 3692 corpora
2576 3631 2742 3673 exer-.-

541 3713 777 3783 cebant,
818 3711 911 3771 vel
953 3730 1025 3777 eo
1071 3710 1474 3782 decertabant,
1525 3711 1752 3769 Graecis
1799 3709 1985 3772 dromi
2032 3709 2425 3790 appellantur,
2468 3708 2585 3773 hoc
2627 3719 2741 3781 est,

545 3828 830 3866 rui-mres.
863 3794 866 3798 ’
915 3807 1176 3877 Quorum
1209 3808 1308 3866 alii
1339 3807 1724 3872 stadiodromi
1771 3807 2139 3878 dicebantur,
2185 3806 2288 3885 qui
2320 3804 2575 3866 stadium
2606 3825 2741 3885 pere

549 3908 894 3962 currebant:
939 3905 1038 3963 alii
1066 3905 1478 3973 diaulodromi‚
1509 3923 1545 3962 a
1573 3904 1930 3963 circumactu
1961 3902 2252 3974 curriculi,
2296 3902 2357 3963 id
2398 3915 2510 3973 est,
2555 3901 2740 3980 duplo

545 4004 854 4069 euri-nnio,
877 4002 1033 4079 quod
1065 4001 1304 4061 diaulon
1335 4002 1663 4061 vocabant:
1698 4019 1834 4058 nam
1860 4000 1898 4059 ii
1929 4016 2219 4071 cursores,
2249 4020 2385 4059 cum
2414 3999 2491 4058 ad
2522 4008 2742 4059 metam

545 4109 946 4172 pervenerant,
989 4099 1318 4170 flectentes,
1363 4118 1435 4158 eo
1465 4116 1665 4157 rursus
1696 4092 2092 4171 recurrebant,
2134 4098 2293 4157 unde
2323 4116 2561 4158 cursum
2592 4094 2742 4154 inie-

549 4204 697 4248 rant.
757 4196 937 4254 Erant
956 4205 1017 4253 et
1039 4193 1490 4267 dolichodromi,
1519 4195 1620 4273 qui
1650 4193 1843 4254 sexies
1866 4194 2123 4256 stadium
2144 4193 2435 4256 curriculo
2457 4193 2739 4258 obibant:

549 4308 681 4344 uum
713 4288 974 4349 dolichos
1000 4289 1377 4369 longissimus
1407 4311 1615 4353 cursus
1645 4290 1968 4352 dicebatur.
