3050 4942
553 337 681 405 114
981 346 1174 400 nom
1221 348 1655 402 namnum-
1684 349 1773 398 ετ
1819 348 2302 404 Aponi-onom
2360 357 2369 364 ·

543 499 624 560 ‘O
654 500 1018 578 σκληρότατος
1040 497 1170 575 πρὸς
1194 496 1319 557 υἱὸν
1346 498 1412 556 ἐν
1437 500 1513 577 τᾷ
1536 499 1843 569 νουθετεῖν,

550 597 686 657 Τοῖς
709 597 817 675 μὲν
842 598 1034 671 λόγοις
1060 596 1241 672 πικρός
1267 596 1410 666 ἐστι,
1434 602 1546 655 τοῖς
1575 593 1624 653 δ’
1645 596 1832 672 ἔργοις
1857 598 2060 674 πατήρ.

551 692 742 753 Valde
769 693 829 751 in
858 690 1152 752 monendo
1174 690 1223 750 si
1252 691 1383 770 quis
1413 709 1585 772 asper
1612 691 1756 765 filio,

547 788 757 850 Verbis
786 790 1030 849 acerbus
1059 796 1152 849 est
1177 788 1433 868 quidem,
1476 785 1584 849 sed
1610 807 1671 851 re
1689 797 1882 869 pater.

630 886 727 945 Sic
753 884 909 946 idem
939 885 1304 947 Menander:

543 980 692 1060 Πρὸς
720 983 844 1042 υἱὸν
872 984 1046 1061 ὀργὴν
1072 985 1168 1042 οὒκ
1192 985 1316 1063 ἔχει
1341 983 1581 1064 χρηστὸς
1608 993 1811 1064 πατήρ.

545 1077 697 1137 Boni
724 1078 982 1157 parentis
1009 1078 1097 1137 ira
1123 1078 1289 1138 nulla
1312 1078 1371 1138 in
1399 1079 1605 1139 filium.

544 1181 562 1209 ‘
587 1175 878 1234 Rufamne
903 1174 1066 1234 illam
1091 1175 1394 1254 virginem,
1420 1177 1680 1251 cassiam,
1726 1195 1934 1257 sparso
1964 1196 2085 1249 ore,
2114 1175 2346 1236 adunco
2371 1174 2560 1236 naso?
2601 1195 2721 1235 non

623 1290 887 1349 possum,
914 1274 1118 1351 pater!
1161 1271 1532 1333 Menander:

540 1367 637 1428 Διἰ’
664 1371 779 1428 ἔσθ’
803 1372 841 1427 ἃ
869 1377 1052 1447 κρῖναι
1077 1370 1177 1429 τὸν
1205 1377 1417 1446 γαμεῖν
1441 1375 1731 1448 μέλλοννα
1760 1367 1867 1442 δεῖ,

526 1467 698 1527 ’'Hroa
725 1480 975 1542 προσηνῆ
1003 1466 1157 1542 ὄψιν,
1184 1467 1221 1536 ἢ
1246 1467 1496 1547 χρηστὸν
1521 1471 1745 1546 ἓρόπον.

540 1564 671 1636 Τὴν
696 1566 966 1642 ὁμόνοιαν
993 1568 1108 1641 γάρ
1134 1567 1237 1635 τὴν
1262 1562 1394 1642 πρὸς
1419 1566 1708 1634 ἀλλήλους
1733 1572 1902 1623 ποιεῖ.

540 1659 609 1718 In
638 1660 858 1739 nuptiis
888 1669 1155 1739 spectare
1182 1679 1276 1720 res
1302 1660 1477 1722 decet
1501 1661 1677 1734 duas,

535 1756 866 1817 Amabilem
895 1752 996 1817 au‘t
1021 1757 1277 1836 speciem
1303 1757 1442 1832 oris,
1470 1768 1577 1818 aut
1602 1778 1793 1819 mores
1816 1761 2057 1838 proboS.

540 1853 929 1915 Concordiam
957 1872 1094 1913 nam
1123 1855 1426 1914 continent
1461 1854 1595 1922 haec
1623 1863 1906 1914 mutuam.

617 1951 888 2010 Formam
914 1969 1049 2009 cum
1077 1950 1275 2029 probis
1311 1951 1570 2011 moribus
1597 1949 1903 2032 conjungit
1925 1949 2040 2012 hoc
2069 1947 2360 2010 versiculo
2390 1947 2544 2010 idem
2588 1947 2723 2008 Me-

697 2046 925 2106 nander
950 2065 967 2104 :
1163 2035 1164 2038 ¹

530 2142 626 2202 Ὦς
649 2140 750 2214 ἡδὺ
777 2143 839 2203 τὸ
869 2143 1070 2202 κᾶλλος
1097 2141 1237 2202 ὅταν
1262 2145 1368 2225 ἔχῃ
1397 2156 1533 2204 νοῦν
1561 2146 1849 2225 σώφροναῑ

532 2240 724 2310 Quam
752 2246 920 2319 grata
946 2238 1135 2299 forma
1160 2248 1271 2313 est,
1298 2240 1396 2301 cui
1423 2258 1622 2300 comes
1664 2239 1936 2300 modesta
1965 2243 2171 2298 mens!

1192 2421 1582 2509 Amanus.⁴
1605 2418 1743 2479 Act.
1775 2439 1822 2480 1.
1865 2420 1964 2480 Sc.
1988 2441 2036 2480 1.

528 2544 546 2573 ⁴
577 2539 673 2612 Et,
720 2540 882 2619 quod
947 2540 1308 2602 fortunatum
1374 2541 1470 2603 isti
1523 2550 1756 2620 putant,
1815 2541 2069 2602 Uxorem
2123 2561 2426 2621 nunquam
2491 2542 2719 2603 habui:

605 2636 890 2699 Menand-

510 2715 791 2795 'ssecdptdv
815 2722 922 2799 pe!
966 2728 1208 2794 γυναῖκα
1236 2723 1301 2780 οὒ
1328 2718 1633 2799 λαμβάνω.
1760 2804 1767 2812 ι

524 2813 578 2873 Ο
608 2834 700 2875 me
726 2816 988 2888 beatum,
1016 2816 1115 2896 qui
1140 2835 1379 2877 uxorem
1398 2815 1615 2876 habere
1643 2815 1807 2898 nolo}

1390 2966 1523 3025 Act.
1552 2985 1599 3025 1.
1644 2965 1742 3025 Sc.
1769 2982 1845 3024 11.

521 3078 539 3107 ⁴
561 3073 752 3143 Quem
780 3095 971 3155 neque
999 3076 1186 3155 pudet
1226 3077 1562 3158 quicquam,
1609 3097 1720 3138 nec
1769 3061 1975 3138 metuit
2004 3080 2403 3157 quemquam.’
2453 3076 2706 3136 Menan·

601 3170 706 3230 der
732 3171 892 3250 apud
920 3172 1205 3234 Priscian.
1247 3174 1351 3235 lib.
1381 3195 1534 3235 v111.

506 3264 618 3327 “Os
644 3265 695 3328 δ’
719 3269 828 3327 οὔτ’
855 3271 1114 3348 ἔρυθριᾷν
1139 3268 1310 3343 οἶδεν,
1343 3270 1469 3330 οὒδὲ
1497 3268 1768 3344 δεδιέναι,

515 3362 609 3422 Ta*
636 3374 824 3442 πρῶτα
850 3366 1030 3439 πάσης
1055 3376 1147 3437 τῆς
1172 3367 1458 3427 ἀναιδείας
1486 3370 1631 3449 ἔχει.
1798 3379 1810 3388 “

514 3458 625 3520 Ille
652 3480 812 3533 vere,
841 3463 943 3540 qui
970 3482 1080 3523 nec
1107 3464 1449 3525 erubescere
1478 3465 1663 3536 novit,
1690 3481 1883 3542 neque
1910 3471 2194 3534 metuere,

516 3555 821 3618 Universae
848 3558 1227 3639 impudentius
1269 3562 1487 3641 primas
1519 3568 1702 3621 tenet.

510 3657 531 3689 ‘
552 3653 801 3715 Homine
829 3654 1096 3734 imperito
1123 3676 1424 3736 nunquam
1453 3657 1770 3736 quicquam
1793 3653 2111 3734 injustius?
2148 3647 2516 3712 Menander:

516 3750 637 3809 Οὔκ
661 3752 778 3812 ἔστ’
805 3752 1001 3813 ἀνοίας
1028 3751 1213 3826 οὐδὲν,
1241 3757 1311 3813 ὡς
1332 3756 1456 3832 ἐμοὶ
1480 3752 1652 3825 δοκεῖ,
1994 3753 1999 3757 ’

507 3845 952 3925 Τολμηρότερον.

508 3940 673 4001 Nihil
700 3942 967 4022 imperito
993 3944 1224 4004 videtur
1252 3964 1386 4005 esse
1413 3941 1719 4003 audacius,

1373 4075 1508 4133 Act.
1533 4091 1612 4131 11.
1657 4072 1756 4134 Sc.
1783 4090 1830 4131 1.
1908 4107 1915 4113 ·

510 4167 527 4197 ‘
551 4164 795 4226 Minime
821 4166 1019 4240 miror,
1047 4168 1147 4248 qui
1174 4167 1431 4228 insanire
1460 4167 1760 4247 occipiunt
1782 4186 1856 4227 ex
1878 4164 2128 4245 injuria!
2165 4163 2530 4228 Menander:
