3050 4942
528 340 576 427 l
1409 372 1829 424 PRAEFA‘HO.

530 522 734 589 tionis
763 521 1079 605 scriptus,
1111 517 1343 584 itidem
1378 519 1442 583 in
1483 521 1692 584 veteri
1738 522 2141 585 membrana.
2231 520 2309 585 In
2343 520 2469 587 hoc
2501 521 2726 589 multae

530 633 688 690 sunt
718 624 1182 710 aspirationes,
1220 640 1328 686 ex.
1355 641 1448 703 gr.
1482 618 1726 700 Holim,
1759 621 2077 700 Hostium,
2108 622 2314 699 michi,
2346 622 2564 701 nichil,
2585 632 2729 689 tum

527 730 694 792 bene
723 728 953 793 multae
974 740 1224 813 ‘vocum
1249 729 1319 790 et
1348 724 1756 809 syllabarum
1791 731 1990 789 notae.
2058 727 2361 806 Quartus
2380 732 2484 791 est
2511 727 2728 810 scrip-

525 837 634 895 tus
663 849 788 914 per
814 828 1311 894 Theodoricum
1356 826 1441 891 de
1489 826 1773 904 Palude,
1814 826 2019 892 Anno
2066 828 2261 893 1442.
2305 836 2507 912 atque
2556 830 2727 895 adeo

523 936 843 998 nascente
861 932 1010 1016 jam
1039 930 1201 995 Arte
1231 929 1768 1014 Typographica,
1797 931 2001 995 etiam
2032 931 2100 994 in
2129 932 2534 996 membrana.
2577 929 2726 997 Ad-

523 1034 733 1099 ditum
766 1035 834 1098 in
860 1034 1035 1099 fine:
1070 1029 1135 1095 F
1134 1032 1288 1096 inito
1310 1029 1506 1096 Libro
1530 1031 1771 1096 sitlans
1799 1043 1860 1096 et
1885 1030 2092 1120 gloria
2122 1031 2388 1097 Christo.
2457 1034 2727 1118 Scripta

523 1144 754 1202 autem
801 1143 956 1202 sunt
999 1137 1223 1200 omnia
1274 1136 1580 1201 versibus
1623 1136 1907 1220 junctis.
1997 1137 2293 1217 Quintus
2351 1137 2575 1202 codex
2619 1141 2728 1201 est

521 1241 836 1323 antiquus
866 1240 935 1304 in
965 1239 1375 1315 membrana,
1421 1238 1535 1302 cui
1563 1238 1876 1304 Titulus:
1923 1242 1944 1273 ‘
1964 1238 2173 1302 Liber
2204 1238 2562 1321 Eographii
2594 1238 2723 1303 Ar-

516 1342 990 1424 gumentatorii
1018 1340 1495 1405 Commentarii
1523 1337 1848 1423 Andriae?
1937 1340 2368 1423 Progreditur
2394 1341 2479 1406 ad
2510 1338 2722 1406 Phor-

518 1442 828 1521 mionem,
858 1443 986 1508 etsi
1015 1441 1180 1507 folia
1211 1442 1348 1507 sint
1374 1443 1625 1519 lacera,
1656 1461 1775 1507 nec
1821 1450 2152 1526 appareat
2193 1441 2347 1508 finis
2391 1443 2720 1522 Eunuchi,

516 1551 636 1611 aut
662 1546 926 1610 initium
955 1543 1711 1610 Heautontimorumeni.
1799 1542 1971 1610 Tum
2018 1545 2324 1629 sequitur
2363 1530 2722 1612 Terentius

516 1649 786 1730 integer,
805 1646 915 1712 cui
935 1645 1198 1711 additur
1212 1644 1280 1708 in
1299 1645 1433 1710 fine
1453 1665 1472 1712 ε
1501 1650 1522 1679 ‘
1543 1645 1623 1709 P.
1642 1646 1939 1712 Terentii
1962 1645 2113 1712 Afri
2137 1648 2492 1714 Comoedia
2510 1649 2722 1714 Phor-

513 1750 650 1814 mio
667 1749 844 1813 bono
855 1747 1219 1813 scolastico
1234 1745 1540 1832 Explicit
1559 1748 1915 1816 Feliciter.'
1930 1748 2314 1815 Terentium
2333 1750 2719 1815 Priscianus

514 1852 798 1936 excipit,
831 1851 941 1916 De
969 1850 1205 1917 Mettis
1227 1850 1636 1915 Fabularum
1664 1850 1982 1931 Terentii,
2004 1860 2074 1918 et
2102 1853 2384 1917 aliorum
2402 1850 2718 1917 Comico-

511 1973 678 2018 rum.
768 1953 999 2036 Hujus
1023 1959 1283 2018 tantum
1310 1954 1440 2017 tria
1466 1951 1633 2018 folia
1663 1960 2045 2036 supersunt.
2137 1951 2329 2018 Idem
2370 1953 2479 2018 hic
2516 1953 2718 2018 Liber

502 2057 582 2119 in
614 2056 839 2139 plures
884 2055 1141 2120 Scenas
1172 2054 1507 2137 dispescit
1532 2054 1889 2120 nonnullos
1925 2053 2164 2133 Actus,
2196 2074 2401 2139 quam
2446 2056 2716 2139 quidem

511 2156 591 2220 fit
620 2156 845 2238 vulgo.
937 2154 1079 2233 Qui
1108 2173 1266 2219 vero
1292 2153 1339 2219 J
1344 2154 1484 2219 usti
1514 2154 1739 2239 Lipsii
1767 2156 1975 2221 fertur
2002 2157 2242 2223 Codex
2275 2156 2409 2222 Ms.
2438 2159 2500 2222 is
2534 2178 2577 2222 a
2606 2179 2716 2223 me

511 2272 846 2323 excussus
892 2263 998 2322 est
1044 2262 1197 2321 ante
1249 2275 1446 2339 quam
1487 2275 1580 2321 ex
1630 2258 1946 2323 auctione
1989 2258 2264 2343 publica
2293 2260 2715 2326 addiceretur

512 2358 825 2423 Leidensi
865 2358 1406 2424 instructissimae
1439 2357 1883 2425 Bibliothecae
1910 2380 1929 2440 ;
1974 2380 2129 2425 cum
2166 2369 2353 2445 parte
2384 2362 2519 2426 Ms.
2551 2363 2714 2427 alte-

505 2461 671 2539 rius,
704 2462 1002 2546 ejusdem
1029 2462 1138 2527 Cl.
1171 2460 1342 2525 Viri.
1433 2460 1819 2544 Sequuntur
1859 2462 2045 2527 Libri
2092 2467 2245 2541 treS,
2288 2463 2424 2528 duo
2454 2465 2710 2548 priores

489 2562 1028 2629 'Academiarum
1088 2562 1489 2647 Trajectinae
1541 2571 1609 2630 et
1660 2564 2097 2643 OxoniensiS,
2154 2565 2264 2631 hic
2342 2566 2613 2651 quidem
2670 2588 2710 2631 e

507 2667 935 2735 Bibliotheca
962 2665 1246 2731 Thomae
1280 2665 1554 2732 Bodleii
1583 2665 1878 2750 Equitis,
1908 2687 2061 2733 cum
2094 2668 2294 2734 tertio
2325 2668 2707 2748 Markiano,

503 2773 641 2855 qui,
690 2769 1317 2854 quadringentorum
1362 2770 1502 2835 fere
1556 2789 1880 2836 annorum
1929 2775 2194 2836 aetatem
2250 2773 2628 2855 praeferenS,
2669 2795 2709 2838 e

505 2871 932 2954 supellectile
974 2869 1280 2933 Libraria
1325 2869 1894 2936 Excellentissimi
1942 2873 2373 2938 Ehrencronii
2418 2884 2636 2940 emtus
2665 2894 2709 2940 a

502 2973 956 3037 Nobilissimo
1001 2970 1195 3046 Viro,
1227 2970 1440 3034 Henr.
1484 2971 1703 3037 Hadr.
1737 2992 1866 3037 van
1908 2972 2025 3037 der
2075 2973 2298 3052 Mark‚
2345 2994 2478 3038 van
2507 2975 2704 3054 Leur,

499 3073 708 3150 JCto,
737 3071 1024 3137 antehac
1055 3071 1141 3135 ad
1176 3073 1258 3136 B.
1294 3070 1536 3136 Mariae
1585 3073 2047 3157 Ultrajectinae
2093 3074 2463 3141 Canonico.
2554 3077 2703 3143 Ho-

498 3195 645 3239 rum
673 3174 834 3240 mihi
878 3173 1128 3238 Varias
1159 3172 1518 3239 Lectiones
1553 3175 2065 3259 suppeditarunt
2092 3177 2470 3243 Clarissimi
2500 3185 2700 3264 atque

498 3276 918 3342 Amicissimi
961 3274 1138 3352 Viri,
1207 3274 1489 3340 Carolus
1540 3276 1845 3341 Andreas
1890 3278 2226 3358 Dukerus,
2271 3280 2702 3347 Abrahamus

498 3378 907 3454 Gronovius,
935 3382 1002 3441 et
1030 3376 1388 3441 Eduardus
1428 3376 1746 3444 Zurkius.
1837 3379 1973 3444 His
2027 3389 2470 3446 accesserunt
2507 3383 2701 3449 alteri

498 3487 653 3558 tres,
699 3479 1297 3564 Typographorum
1345 3499 1642 3545 meorum
1683 3500 1901 3565 ,opera
1948 3482 2110 3547 mihi
2162 3483 2531 3562 conciliati,
2573 3485 2699 3550 sed

493 3583 705 3666 paulo
736 3581 975 3658 serius,
1005 3588 1077 3644 et
1107 3586 1298 3664 parte
1329 3582 1556 3665 operis
1576 3581 1721 3665 jam
1760 3582 1945 3667 typis
1974 3583 2342 3668 exscripta.
2432 3585 2697 3651 Horum

494 3683 827 3748 Codicum
857 3684 1136 3766 primus,
1167 3688 1239 3747 ut
1264 3684 1558 3768 reliquos
1589 3690 1815 3762 aetate,
1846 3685 1944 3750 ita
1970 3685 2280 3751 lectionis
2304 3690 2698 3771 praestantia

492 3786 722 3849 vincit.
813 3785 1088 3849 Medius
1116 3785 1325 3849 forma
1353 3793 1461 3850 est
1488 3787 1792 3865 minima,
1823 3788 2079 3871 primus
2102 3795 2173 3854 et
2203 3790 2440 3855 tertius
2478 3792 2696 3856 maxi-

491 3900 639 3950 ma:
686 3905 920 3950 omnes
977 3893 1199 3952 tamen
1242 3888 1312 3951 in
1366 3890 1779 3955 membrana.
1865 3891 2005 3955 Iste
2064 3892 2345 3958 antehac
2403 3893 2695 3959 Illustris

493 3985 775 4066 Graevii,
806 3988 997 4052 visus
1022 3989 1190 4054 mihi
1219 3999 1378 4055 ante
1402 3993 1661 4075 aliquot
1700 4011 1909 4058 annos
1937 3993 2120 4077 apud
2151 3992 2253 4058 Cl.
2277 3992 2541 4072 Virum,
2571 3994 2618 4060 J
2622 4015 2690 4061 o.

492 4087 748 4153 Theod.
777 4086 1354 4169 Schalbruchium,
1385 4091 1592 4176 Lycei
1636 4092 2303 4159 Amstelaedamensis
2335 4094 2690 4160 Professo-

491 4209 655 4268 rem,
684 4196 754 4255 et
777 4189 1165 4257 Scholarum
1205 4191 1594 4274 Rectorem,
1628 4195 1751 4261 sed
1778 4197 2014 4262 usibus
2041 4197 2208 4265 meis
2241 4204 2538 4281 negatus,
2570 4198 2688 4263 de-
