3050 4942
1201 380 1298 437 ns
1346 383 1648 440 Murrus.
2387 373 2514 440 125

338 525 569 587 'monem
598 537 1001 609 corruperunt,
1045 528 1185 591 dum
1214 529 1389 590 aliam
1416 549 1620 593 vocem
1664 547 1770 612 pro
1818 530 1934 614 alia
1975 527 2313 611 subjiciunt,
2352 530 2514 612 quod

336 622 576 682 nimium
626 643 785 703 saepe
833 645 949 684 usu
990 626 1149 686 venit
1190 626 1419 699 scribis,
1462 628 1523 687 in
1570 629 1905 691 auctoribus
1950 628 2161 688 solutae
2201 629 2516 690 dictionis:

334 717 482 777 dum
526 719 758 782 addunt
801 732 980 801 atque
1007 722 1305 784 adimunt:
1356 724 1495 784 dum
1542 727 1848 786 verborum
1894 724 2193 785 invertunt
2227 723 2514 784 ordinem.

333 814 621 875 Nonnihil
655 817 831 877 etiam
859 817 958 878 hic
984 809 1306 897 peccarunt
1331 820 1562 894 eruditi,
1604 821 1727 900 q‘ui,
1769 821 1909 881 dum
1937 820 2259 881 carminum
2299 841 2518 901 genera

332 905 713 990 distinguunt
758 931 830 973 ac
878 912 1277 987 dimetiuntur,
1336 934 1543 995 parum
1599 918 1827 990 attenti,
1881 917 2294 996 interjecerunt
2339 919 2517 979 verba

332 1007 632 1083 quaedam,
673 1019 742 1070 ut
767 1010 1072 1088 explerent
1096 1030 1298 1071 versus
1340 1011 1587 1085 hiatum,
1630 1022 1734 1073 aut
1756 1013 2140 1073 'resecuerunt
2166 1013 2327 1092 quod
2352 1014 2517 1074 vide-

329 1102 505 1163 batur
533 1125 862 1184 superesse.
943 1106 1192 1168 Videtur
1218 1117 1414 1169 autem
1442 1109 1640 1170 studio
1665 1111 1886 1172 factum
1913 1130 1950 1169 a
1977 1110 2269 1183 Terentio,
2301 1118 2368 1177 ut
2395 1108 2517 1169 dis-

332 1200 610 1262 simulato
638 1205 891 1263 carmine
920 1212 1097 1284 quam
1124 1205 1386 1283 proxime
1418 1206 1729 1268 accederet
1765 1206 1841 1267 ad
1872 1206 2195 1267 orationem
2223 1206 2512 1266 solutam:

329 1296 494 1388 quod
524 1296 682 1357 idem
723 1298 1033 1361 affectasse
1059 1300 1290 1362 videtur
1318 1302 1600 1362 Horatius
1628 1302 1690 1362 in
1718 1303 2096 1363 Sermonibus
2126 1312 2186 1363 et
2213 1303 2517 1384 Epistolis.

330 1391 492 1453 Hinc
519 1405 689 1454 tanta
712 1396 772 1455 in
800 1395 1159 1457 dimetiendo
1199 1396 1540 1470 difficultas,
1589 1407 1657 1457 ut
1702 1398 2027 1459 existimem
2071 1398 2264 1478 ipsum
2309 1400 2515 1460 Dona·

325 1498 472 1564 turn,
517 1503 623 1552 aut
648 1492 993 1564 Cornutum,
1022 1503 1126 1552 aut
1152 1492 1465 1572 Asperum,
1503 1492 1554 1552 si
1582 1493 1862 1564 viverent,
1905 1494 1964 1553 in
1990 1493 2138 1553 locis
2169 1494 2394 1574 aliquot
2421 1495 2515 1555 vel

324 1586 620 1660 haesuros,
660 1589 754 1649 vel
801 1588 952 1648 inter
998 1608 1064 1648 se
1114 1588 1505 1650 dissensuros.
1601 1589 1857 1650 Proinde
1906 1604 2015 1650 nos
2064 1589 2515 1669 quatriduanam

325 1683 585 1763 opellam
631 1685 967 1758 sumsimus,
1009 1694 1078 1744 ut
1122 1685 1581 1746 adolescentulis
1629 1686 1887 1764 aliquam
1932 1684 2106 1765 hujus
2152 1685 2514 1748 difficultatis

325 1790 553 1860 partem
583 1780 995 1855 adimeremus,
1049 1801 1168 1842 non
1200 1782 1434 1861 quidem
1463 1782 1523 1841 in
1553 1801 1756 1843 omnes
1786 1782 2065 1854 FabulaS,
2108 1781 2214 1841 sed
2247 1782 2306 1841 in
2336 1801 2514 1842 unam

325 1871 637 1957 perpetuo,
664 1886 727 1941 et
751 1877 813 1937 in
840 1879 1051 1939 ceteris
1097 1880 1344 1958 carptim
1370 1899 1386 1940 ε
1429 1877 1550 1958 quo
1577 1898 1688 1939 ceu
1714 1878 1815 1938 filo
1843 1877 2031 1957 adjuti
2063 1897 2195 1938 sese
2223 1877 2454 1939 facilius
2482 1898 2516 1937 e

325 1974 539 2036 ceteris
568 1976 861 2054 explicent
886 1976 1248 2056 labyrinthis.
1336 1976 1632 2037 Constant
1676 1986 1872 2041 autem
1914 1975 2089 2055 hujus
2136 1975 2377 2036 Fabulae
2419 1974 2514 2036 his

323 2070 509 2132 ferme
537 2081 851 2132 metrorum
901 2073 1234 2152 generibus.
1317 2072 1579 2137 Iambico
1627 2073 1910 2145 trimetro,
1950 2072 2051 2150 qui
2096 2081 2157 2131 et
2185 2071 2398 2131 senarii
2423 2070 2516 2130 di·-
2582 2142 2588 2148 ο

324 2179 541 2229 cuntur
567 2187 606 2227 a
626 2188 867 2229 numero
893 2168 1134 2247 pedum.
1192 2168 1450 2229 Iambico
1471 2177 1831 2241 tetrametro,
1854 2168 1956 2247 qui
1978 2168 2053 2228 ab
2071 2163 2203 2227 'aliis
2222 2166 2516 2247 quadrati,

326 2266 400 2325 ab
428 2264 563 2325 aliis
592 2265 877 2326 octonarii
906 2265 1219 2326 dicuntur:
1248 2274 1674 2327 monometrum
1704 2283 1776 2325 ac
1803 2265 2111 2325 dimetrum
2138 2283 2268 2326 raro
2296 2263 2516 2343 interji-

324 2361 495 2421 citur.
581 2362 652 2421 In
697 2361 813 2422 hoc
862 2371 1076 2440 genere
1123 2362 1331 2440 quovis
1374 2361 1509 2422 loco
1552 2379 1659 2439 pro
1707 2360 1905 2421 iambo
1948 2359 2116 2440 ponit
2157 2353 2529 2439 tribrachyn,

325 2458 696 2539 spondaeum,
726 2457 1048 2538 dactylum,
1072 2464 1462 2535 anapaestum,
1484 2455 1662 2516 modo
1685 2455 1865 2515 totius
1889 2454 2163 2516 carminis
2191 2453 2516 2533 penultima

325 2555 560 2635 syllaba
587 2555 665 2614 sit
687 2554 900 2614 brevis.
988 2552 1291 2633 Siquidem
1320 2552 1381 2611 in
1407 2552 1523 2612 hoc
1554 2570 1762 2611 versu:
1804 2558 1821 2587 ‘
1847 2551 2094 2611 Nullum
2122 2560 2217 2611 est
2231 2550 2358 2630 jam
2387 2549 2515 2612 dic·—

324 2662 472 2726 tum,
514 2651 678 2732 quod
718 2664 838 2711 non
882 2649 1103 2711 dictum
1149 2649 1228 2710 sit
1270 2650 1431 2729 prius
1454 2648 1492 2708 ε’
1531 2663 1735 2710 omnes
1766 2648 2039 2728 spondaei
2067 2656 2230 2719 sunt,
2265 2656 2516 2725 excepto

325 2748 557 2821 ultimo,
586 2748 755 2827 cujus
784 2748 1014 2828 generis
1043 2757 1104 2807 et
1131 2747 1278 2806 alios
1302 2746 1531 2825 aliquot
1548 2744 1824 2823 reperias.
1895 2742 2161 2802 Eandem
2187 2741 2517 2801 libertatem

327 2847 508 2909 sumit
533 2845 935 2907 in‘trochaicis
962 2844 1317 2905 tetrametris
1344 2842 1728 2915 catalecticis,
1773 2840 1916 2900 satis
1966 2840 2190 2900 habens
2237 2839 2287 2898 si
2332 2839 2515 2899 totius

326 2942 605 3004 carminis
631 2940 955 3021 penultima
982 2939 1060 2999 sit
1084 2940 1301 3000 brevis.
1384 2937 1542 2998 Illud
1569 2948 1767 2997 tamen
1795 2936 2011 3015 ubique
2039 2944 2296 3008 cavetur,
2325 2954 2399 2995 ne
2423 2935 2517 2996 vel
2552 2971 2566 2986 ι

329 3039 627 3118 trochaeus
667 3035 1031 3116 ingrediatur
1069 3035 1384 3094 iambicum
1433 3052 1691 3105 carmen,
1736 3032 1824 3092 vel
1878 3032 2107 3092 iambus
2137 3029 2516 3090 trochaicum.

329 3135 656 3196 Iambicum
703 3141 1104 3192 tetrametrum
1146 3129 1440 3190 interdum
1480 3130 1542 3189 in
1586 3129 1705 3189 fine
1745 3127 2050 3188 fraudatur
2097 3146 2218 3187 una
2268 3126 2515 3207 syllaba,

327 3230 621 3312 producta
656 3225 999 3307 penultima,
1042 3227 1272 3307 quoties
1316 3224 1567 3285 iambico
1611 3224 1857 3285 dimetro
1889 3223 2269 3284 acatalectico
2298 3223 2517 3283 accini-

330 3338 424 3388 tur
451 3327 700 3387 dimeter
726 3323 1127 3384 catalecticus.
1209 3322 1409 3382 Veluti
1446 3321 1516 3393 si,
1559 3327 1577 3356 ‘
1597 3320 1720 3399 jam
1751 3320 1900 3380 lucis
1929 3330 2058 3380 orto
2087 3319 2319 3391 sidere‚’
2361 3318 2517 3378 acci-

330 3442 439 3484 nas
480 3430 498 3457 ‘
526 3421 734 3481 Cultor
782 3419 897 3480 Dei
941 3417 1272 3478 memento!
1353 3417 1708 3495 Quanquam
1758 3415 1818 3474 in
1864 3414 1978 3476 hoc
2024 3433 2259 3495 quoque
2302 3405 2519 3492 genere

331 3529 668 3598 usurpatur,
696 3535 832 3575 cum
860 3514 1206 3586 communis,
1234 3513 1308 3573 de
1337 3531 1456 3593 qua
1486 3511 1711 3571 dictum
1733 3520 1846 3583 est,
1867 3510 2227 3572 comicorum
2253 3508 2516 3579 libertas,

332 3623 455 3676 tum
483 3613 588 3675 illa
613 3609 946 3691 peculiaris,
974 3609 1136 3689 quod
1161 3628 1267 3688 pro
1296 3607 1622 3689 penultima
1650 3608 1831 3686 longa
1856 3607 2024 3685 ponit
2049 3604 2342 3665 interdum
2365 3603 2515 3664 duas

332 3712 558 3772 breves.
643 3706 990 3786 Exemplum
1034 3714 1131 3765 est
1176 3704 1236 3763 in
1266 3713 1434 3765 actus
1463 3702 1657 3782 quarti
1687 3720 1866 3762 scena
1893 3700 2158 3762 secunda
2183 3697 2514 3776 (Andriae):

334 3812 353 3842 ‘
374 3808 510 3867 Jam
537 3805 640 3865 nbi
679 3802 779 3863 ubi
825 3802 955 3873 erit,
996 3800 1297 3861 inventum
1338 3797 1444 3858 tibi
1484 3799 1725 3868 curabo,
1775 3808 1837 3859 et
1876 3814 2107 3855 mecum
2135 3793 2461 3854 adductum>
2479 3795 2516 3854 :’

336 3899 429 3963 hic
455 3901 784 3983 penultima
821 3896 1112 3980 producta
1153 3905 1265 3956 est.
1348 3893 1595 3966 Ibidem,
1637 3898 1654 3927 ‘
1680 3894 1863 3952 Orare
1900 3890 2102 3971 jussit,
2147 3889 2198 3950 si
2242 3909 2306 3949 se
2334 3899 2516 3963 ames,

338 3998 495 4081 bera,
534 3998 662 4078 jam
707 3995 785 4055 ad
830 4013 959 4054 sese
992 3990 1236 4054 venias.'
1314 3992 1484 4064 Item,
1526 3995 1545 4024 ‘
1571 3988 1743 4048 Hanc
1773 3987 2047 4068 expetivi,
2074 3986 2342 4066 contigit,
2371 4004 2514 4069 conf

339 4093 580 4153 veniunt
605 4108 818 4163 mores,
838 4089 1129 4149 valeantt’
1156 4088 1215 4147 in
1242 4086 1336 4146 his
1363 4106 1469 4166 pro
1496 4083 1820 4164 penultima
1849 4083 2030 4163 longa
2054 4094 2352 4164 ponuntur
2378 4082 2514 4142 duas

339 4187 564 4252 bre've's.
645 4188 776 4248 Hos
823 4205 1031 4247 versus
1078 4185 1278 4256 etiarnx
1301 4193 1606 4246 scazontes
1650 4180 1971 4262 appellant.
2070 4179 2180 4240 Est
2226 4177 2515 4242 scazontis
