3050 4942
524 358 655 427 302
1272 376 1334 422 P.
1381 372 1752 422 'relisum
1805 371 1980 420 seru

527 524 710 604 Quia
737 523 897 588 olim
930 521 1000 586 in
1026 522 1203 585 hunc
1236 526 1395 587 sunt
1426 519 1817 585 constitutae
1842 517 2135 604 nuptiae:
2184 521 2326 583 tum
2349 519 2574 580 autem
2594 514 2718 580 hoc

786 628 999 703 timet,

526 730 639 795 Ne
669 730 939 795 deseras
969 749 1065 795 se.
1130 728 1262 793 ΡΑ.
1310 727 1516 805 Hem,
1547 746 1757 811 egone
1787 729 1956 792 istuc
1987 724 2217 790 conari
2247 724 2538 809 queam?
2639 721 2724 786 35

436 850 446 860 ·
526 833 670 916 Ego
699 836 970 917 propter
995 851 1102 896 me
1128 831 1315 895 illam
1345 830 1569 915 decipi
1598 830 1915 894 miseram
1940 828 2156 893 sinam
2174 828 2205 890 ‘l

525 935 705 1015 Quae
736 936 897 999 mihi
928 955 1118 1000 suum
1151 935 1443 999 animum
1475 940 1681 1016 atque
1709 950 1965 996 omnem
1996 930 2206 995 vitam
2234 929 2556 1008 credidit3

523 1037 748 1117 Quam
776 1059 900 1120 ego
933 1039 1155 1102 animo
1183 1037 1444 1120 egregie
1475 1055 1700 1100 caram
1731 1055 1856 1120 pro
1885 1053 2093 1100 uxore
2121 1033 2506 1111 habuerim3

522 1141 713 1205 Bene
740 1146 807 1205 et
834 1139 1084 1223 pudice
1112 1139 1257 1224 ejus
1288 1139 1559 1203 doctum
1589 1146 1795 1221 atque
1822 1136 2135 1201 eductum
2168 1136 2385 1200 sinam

522 1244 851 1309 Coactum
879 1249 1177 1325 egestate
1207 1242 1549 1324 ingenium
1579 1239 1985 1304 immutarier
2001 1241 2033 1302 ‘l
2646 1233 2731 1297 40

521 1346 680 1410 Non
706 1343 976 1409 faciam.
1065 1341 1223 1405 ΜΥ.
1270 1343 1482 1407 Haud
1517 1361 1769 1422 vereor,
1800 1342 1860 1406 si
1889 1341 1956 1405 in
1986 1332 2056 1405 te
2080 1341 2231 1405 solo
2256 1341 2344 1405 sit
2371 1340 2578 1404 situm
2605 1358 2622 1401 t

521 1448 653 1513 Sed
686 1448 819 1513 vim
849 1451 919 1511 ut
946 1465 1162 1530 queas
1192 1444 1380 1510 ferre.
1464 1445 1604 1509 ΡΑ.
1652 1442 1918 1510 Adeon'
1945 1462 2053 1508 me
2080 1443 2397 1525 ignavum
2427 1446 2637 1526 putas
2655 1443 2686 1505 ‘l

520 1547 781 1615 Adeon’
809 1568 1011 1633 porro
1040 1550 1394 1633 ingratum,
1421 1553 1537 1615 aut
1564 1549 2019 1626 inhumanum,
2051 1553 2169 1611 aut
2196 1546 2432 1623 ferum,

521 1653 617 1720 Ut
646 1673 868 1737 neque
895 1673 1003 1718 me
1037 1651 1479 1729 consuetude,
1510 1670 1727 1735 neque
1766 1668 1976 1726 amor,
2004 1668 2219 1732 neque
2247 1646 2469 1732 pudor

523 1757 982 1836 Commoveat,
1011 1775 1229 1841 neque
1253 1759 1695 1833 commoneat,
1724 1760 1798 1820 ut
1826 1772 2087 1818 servem
2111 1750 2314 1815 fidem
2330 1751 2361 1813 ’ἱ
2647 1750 2735 1813 45

514 1917 685 1976 portus
704 1913 937 1963 doloribus
956 1918 1200 1977 torquetur
1218 1931 1238 1973 ,-
1274 1919 1343 1977 et,
1361 1915 1475 1978 quia
1495 1914 1610 1964 olim
1630 1915 1708 1982 hie
1738 1913 1838 1963 dies
1854 1912 2038 1977 nuptiis
2062 1912 2349 1961 constitutus
2368 1914 2456 1970 est,
2473 1909 2534 1958 de
2555 1908 2651 1958 lure
2683 1922 2735 1971 re

518 1979 668 2027 min
684 1980 818 2026 timet
836 1995 855 2036 ,·
889 1984 988 2027 tum
1008 1984 1166 2028 autem
1186 1994 1245 2028 ne
1265 1981 1451 2029 deseras
1468 1995 1538 2029 se.
1604 1980 1705 2030 ΡΑ.
1740 1979 1890 2038 Hera,
1908 1993 2054 2040 egone
2072 1977 2206 2026 istud
2222 1975 2396 2039 possim
2410 1975 2579 2023 conari
2592 1970 2621 2022 :2
2648 1988 2736 2034 ego

518 2042 651 2091 illam
671 2042 892 2092 miseram
910 2049 1104 2107 propter
1132 2058 1205 2093 me
1225 2042 1380 2109 decipi
1397 2045 1564 2107 potiar
1576 2041 1602 2094 2
1635 2059 1738 2109 quoe
1758 2043 1877 2093 mihi
1897 2041 2099 2107 qffectus
2117 2041 2271 2090 animi
2291 2040 2368 2088 sui
2385 2044 2529 2102 atque
2545 2053 2736 2086 omnem

516 2107 667 2154 vitam
688 2108 918 2155 commisit
933 2124 951 2156 .·
984 2123 1123 2170 quam
1160 2123 1247 2169 ego
1283 2115 1462 2172 proeter
1496 2114 1676 2158 ceteras
1712 2110 1868 2158 animo
1890 2122 1990 2156 meo
2011 2108 2232 2156 dilectam
2252 2106 2349 2153 loco
2370 2103 2540 2152 uxoris
2560 2102 2738 2151 imbue·

517 2170 628 2219 rim.
672 2176 683 2185 ⁸
696 2171 863 2231 Egone
881 2172 1033 2220 sinam
1057 2171 1156 2232 ejus
1176 2173 1434 2235 ingenium,
1464 2171 1577 2223 bene
1598 2179 1646 2223 et
1663 2175 1833 2237 pudice
1853 2172 2128 2222 institutum
2146 2175 2289 2232 atque
2310 2171 2582 2230 educatum,
2603 2181 2739 2229 eges·

519 2238 624 2283 ute
643 2240 867 2289 eoactum,
890 2236 987 2284 alia
1007 2236 1121 2284 vitae
1140 2237 1320 2287 ratione
1339 2237 1493 2286 minus
1523 2239 1717 2287 honesta
1736 2234 2019 2288 immutari?
2055 2237 2163 2285 Non
2185 2235 2392 2296 sociem.
2457 2233 2581 2282 MY.
2617 2234 2737 2281 Non

515 2299 570 2347 ia
596 2298 754 2361 timeo,
772 2300 817 2347 si
837 2300 968 2349 istud
988 2300 1040 2347 in
1063 2305 1146 2349 tua
1168 2300 1309 2350 unius
1324 2306 1558 2365 potestate
1571 2303 1639 2351 sit
1654 2303 1863 2367 positum
1873 2317 1894 2360 ,·
1914 2303 1995 2352 sed
2010 2300 2151 2350 timeo
2172 2304 2226 2349 ut
2244 2297 2520 2348 violentiam
2540 2298 2738 2360 paterni

515 2363 705 2424 imperii
739 2363 891 2426 possis
921 2364 1170 2414 sustinere.
1237 2365 1342 2417 ΡΑ.
1373 2365 1566 2415 Adeone
1599 2381 1670 2416 me
1704 2366 2055 2431 pusillanimum
2089 2370 2232 2428 putas
2264 2378 2383 2422 esse,
2416 2364 2597 2411 adeone
2633 2363 2738 2436 eius

515 2427 788 2477 meritorum
802 2443 917 2488 erga
933 2443 1006 2477 me
1026 2430 1355 2494 immemorem,
1377 2431 1700 2491 inhnmanum,
1722 2432 1976 2491 autferum
1992 2447 2008 2479 .·
2042 2435 2096 2479 ut
2114 2444 2259 2492 neque
2280 2443 2353 2476 me
2363 2426 2739 2486 familiaritatis

514 2491 795 2557 conjunctio,
826 2508 970 2557 neque
1000 2508 1151 2557 amor,
1185 2510 1330 2559 neque
1351 2498 1507 2560 pudor
1539 2497 1771 2560 impellat,
1803 2501 1850 2545 et
1879 2497 2145 2558 admoneat,
2178 2498 2232 2542 ut
2249 2506 2541 2557 perseverem
2559 2492 2619 2539 in
2627 2491 2739 2556 fide

1436 2621 1795 2642 emmo

517 2715 584 2767 de
603 2718 795 2783 aliquo,
813 2732 880 2767 ex
904 2734 957 2768 re
982 2720 1171 2783 aliqua.
1236 2719 1314 2769 Ut
1338 2724 1531 2778 mitem,
1563 2719 1696 2783 qnod
1734 2719 1918 2779 sentio,
1952 2718 2139 2781 dicam,
2173 2716 2419 2768 videntur
2440 2716 2570 2766 mihi
2594 2719 2737 2766 male

516 2784 780 2832 cohaerere
801 2799 862 2833 ex
882 2786 967 2833 hoc
986 2791 1032 2834 et
1059 2786 1206 2845 Quia,
1240 2785 1284 2833 si
1308 2785 1471 2848 legas,
1508 2793 1569 2832 ut
1591 2791 1671 2833 est
1697 2784 1747 2831 in
1778 2784 2020 2846 vulgatis,
2050 2797 2113 2831 ex
2135 2784 2222 2832 hoc
2240 2783 2411 2832 misera
2431 2782 2630 2831 solicita
2652 2782 2735 2845 ἐι,

513 2848 641 2896 diem
666 2849 808 2902 Quia.
880 2850 1053 2899 Quare
1078 2850 1240 2908 edidi,
1265 2850 1341 2897 uti
1381 2848 1572 2897 dudum
1615 2850 1870 2897 recensuit
1903 2848 2168 2907 Heinsius,
2199 2863 2262 2897 ex
2295 2844 2382 2896 hoe
2407 2849 2588 2895 misera
2623 2849 2736 2896 soli-

513 2912 614 2959 cita
633 2911 694 2960 ’st
712 2913 810 2974 die,
827 2913 975 2968 Quia.
1019 2912 1194 2976 Atque
1216 2914 1288 2962 ita
1312 2912 1499 2961 Leidd.
1524 2928 1720 2974 omnes,
1739 2920 1844 2961 tum
1866 2913 1943 2962 M.
1967 2919 2025 2962 et
2050 2913 2107 2962 Ε.
2132 2913 2198 2961 V.
2219 2916 2366 2962 1490.
2393 2912 2619 2975 aliaeque
2647 2927 2736 2960 ve·

516 2981 692 3024 tustae.
745 2976 860 3025 Nisi
886 2976 1018 3040 quod
1040 2977 1224 3025 Leidd.
1248 2992 1375 3025 nnus
1397 2979 1610 3039 repetit,
1634 2977 1763 3032 Quia
1782 2978 1896 3025 olim
1916 2977 1968 3025 in
1984 2979 2105 3026 Ιιιιιιε
2126 2977 2268 3025 diem.
2292 2976 2456 3025 West.
2490 2978 2562 3026 G.
2585 2979 2735 3025 diem.

519 3038 649 3092 Quia
669 3038 800 3100 olim,
821 3041 901 3100 «ise.
967 3039 1048 3089 Id.
1069 3041 1122 3088 in
1146 3039 1282 3089 Add.
1350 3042 1434 3089 Sic
1458 3043 1549 3089 Βι·.
1575 3043 1635 3091 Ζ.
1659 3042 1801 3090 Peru.
1837 3042 1992 3091 Both.
2057 3042 2157 3091 Die
2180 3055 2295 3090 esse
2318 3041 2369 3089 in
2393 3039 2576 3092 Guelf.
2602 3047 2652 3091 1.
2679 3048 2738 3090 et

515 3101 570 3149 in
594 3105 643 3150 3.
672 3103 725 3150 in
744 3102 866 3150 diem
885 3111 1062 3153 monet
1085 3104 1357 3153 Pede-84
1391 3104 1439 3153 A
1462 3105 1716 3168 instituere,
1739 3106 1922 3169 opinor
1942 3121 2007 3155 ex
2031 3106 2166 3157 male
2188 3105 2461 3156 intellecto
2481 3121 2574 3154 con
2596 3120 2740 3169 prae-

516 3166 793 3229 positionis
815 3167 1136 3229 compendio.
1169 3169 1446 3218 Both—35
1483 3170 1548 3218 In
1568 3171 1653 3220 Tr.
1675 3172 1886 3234 legitur,
1906 3172 2088 3231 Egone,
2108 3170 2231 3230 Item,
2251 3186 2396 3233 egone
2419 3171 2547 3219 istuc
2567 3171 2738 3219 conari

516 3243 701 3292 queam.
766 3231 869 3280 Sed
892 3232 1034 3296 prius
1063 3233 1223 3295 Egone
1246 3234 1380 3282 linea
1404 3235 1622 3298 trajecta
1647 3237 1893 3286 deletum.
1956 3236 2086 3284 Tum
2110 3237 2376 3296 continuo,
2403 3234 2567 3296 Egon'
2588 3242 2740 3299 prop-

516 3301 592 3343 ter
629 3310 720 3344 me.
787 3296 938 3347 Quod
977 3298 1230 3361 posterius
1254 3313 1354 3347 non
1380 3299 1640 3361 displicet.
1708 3301 1854 3349 Citat
1876 3300 2030 3348 etiam
2054 3314 2119 3348 ex
2142 3300 2247 3349 Ms.
2269 3300 2700 3363 Lindenbrogius
2717 3318 2734 3349 z

515 3362 571 3408 et
594 3359 764 3423 reperi
788 3361 838 3409 in
863 3360 1046 3411 Leidd.
1073 3363 1326 3412 omnibus.
1356 3364 1643 3413 West.-36
1679 3364 1876 3414 Omnes
1916 3365 2081 3413 nostri
2123 3363 2275 3414 codd.
2316 3364 2476 3426 Egon'
2509 3370 2734 3427 propter.

516 3424 714 3485 Recte;
749 3431 808 3474 ut
848 3439 996 3474 versu
1028 3427 1358 3490 praecedente
1397 3430 1412 3456 ‘
1441 3429 1645 3492 egone.'
1678 3429 1826 3479 Bent.
1896 3430 2037 3491 Egon
2058 3428 2149 3478 Βι·.
2214 3430 2371 3490 Egon’
2396 3430 2558 3479 Both.
2581 3431 2736 3480 Peri.

516 3489 700 3552 Decepi
722 3488 900 3538 Guelf.
925 3493 1104 3541 2.-38
1140 3493 1353 3554 Egregio
1384 3493 1462 3540 M.
1504 3493 1653 3541 West.
1720 3494 1889 3555 Vulgo
1928 3508 2021 3556 pro
2043 3499 2218 3551 autem,
2261 3492 2398 3556 quod
2443 3509 2538 3543 nos
2576 3509 2735 3557 repo-

516 3553 731 3616 suimus,
766 3554 960 3619 legitur
994 3556 1179 3605 animo.-
1215 3558 1305 3605 sed
1345 3556 1506 3620 friget
1552 3556 1667 3617 hoc,
1707 3561 1996 3620 praesertim
2038 3573 2155 3606 cum
2197 3558 2353 3607 modo
2392 3558 2735 3609 habuerimus

516 3618 532 3645 ⁴
555 3618 815 3667 animum)
846 3620 996 3669 Both.
1073 3620 1138 3669 In
1181 3619 1357 3671 Guelf.
1402 3626 1448 3671 1.
1481 3622 1536 3670 in
1571 3623 1876 3670 animm—39
1928 3623 1976 3671 N
1984 3623 2198 3671 utu-itum
2244 3638 2362 3687 pro,
2406 3623 2732 3673 educatum:

518 3682 700 3732 Glossae
718 3684 806 3731 τοῦ
826 3684 921 3735 Br.
991 3685 1168 3734 Litera
1190 3699 1339 3734 erasa
1361 3686 1496 3734 inter
1535 3701 1560 3732 c
1597 3691 1654 3734 et
1686 3692 1708 3733 t
1744 3686 1972 3735 ostendit
2012 3687 2133 3735 olim
2168 3686 2245 3736 sic
2281 3688 2333 3736 in
2366 3688 2488 3736 cod.
2524 3690 2732 3739 lectum

514 3745 693 3796 fnisse.
728 3748 913 3799 Bruns.
976 3749 1099 3811 Eius
1142 3749 1430 3799 redundat:
1467 3749 1637 3798 versui
1677 3750 1812 3798 enim
1854 3748 2016 3799 officit
2055 3760 2108 3799 et
2143 3751 2423 3802 venustati.
2460 3752 2731 3803 Gom—41

523 3808 714 3861 Vereor.
752 3813 817 3862 R.
853 3827 1036 3862 verear.
1073 3813 1225 3863 Lind.
1293 3815 1539 3875 Plerique
1581 3829 1647 3863 ex
1686 3814 1873 3864 nostris
1911 3829 2094 3877 verear,
2128 3820 2183 3865 et
2222 3815 2343 3880 duo,
2370 3817 2425 3866 in
2449 3823 2498 3867 te
2519 3820 2589 3867 sit
2610 3819 2734 3877 solo,

515 3889 667 3938 qnam
688 3877 814 3926 lect.
837 3883 892 3925 et
915 3876 1145 3926 ordinem
1169 3876 1408 3941 praefero.
1441 3878 1590 3928 Bent.
1660 3878 1837 3927 Vereor
1860 3879 2003 3928 Perl.
2027 3880 2320 3929 Both—42
2356 3882 2583 3931 Numeri
2608 3898 2734 3946 gra-

514 3939 591 3987 tia
613 3953 826 4002 repone,
843 3938 938 3988 Sed
958 3945 1011 3989 ut
1033 3941 1128 3990 vim
1148 3944 1450 4003 queasserre.
1514 3941 1706 3991 Adeone
1727 3957 1800 3992 me
1815 3944 2040 4004 ignavum
2058 3943 2236 4007 putas?
2268 3947 2430 3995 Bent.
2482 3948 2733 4011 Sequun-

515 4010 604 4051 tur
625 4003 782 4052 Both.
803 4004 1076 4054 Fert—43
1110 4007 1272 4069 Lege,
1296 4008 1481 4056 Adeone
1496 4021 1640 4068 porro
1663 4006 1926 4069 ingratum,
1950 4008 2272 4069 inhumanum,
2300 4010 2468 4070 ferum
2484 4011 2512 4063 :2
2545 4026 2614 4061 ne
2640 4027 2734 4061 ac-

517 4073 701 4114 centus
737 4068 790 4115 in
823 4070 1050 4130 repetito
1084 4068 1263 4118 Adeon’
1301 4072 1559 4131 varietur3
1593 4077 1648 4118 et
1684 4071 2067 4134 Asyndetornm
2102 4074 2342 4123 celeritas
2365 4091 2397 4124 a
2421 4078 2501 4126 rei
2535 4085 2733 4125 natura

517 4131 825 4191 postuletur.
859 4132 1007 4181 Bent.
1073 4132 1284 4198 Accipit
1324 4135 1481 4185 Both.
1517 4141 1577 4185 ut
1616 4141 1673 4183 et
1711 4135 1853 4186 Peri.
1875 4138 1973 4186 nisi
1998 4137 2135 4201 quod
2157 4138 2249 4187 dat
2269 4138 2611 4191 Adeon’.—44
2643 4143 2732 4191 M.

516 4195 833 4245 mansuetudo.
871 4197 1165 4247 West.-45
1202 4200 1369 4261 Neque
1407 4214 1525 4249 com.
1564 4199 1761 4250 omittit
1797 4201 1887 4253 Βι·.
1952 4203 2123 4253 Notat
2146 4203 2344 4255 Bruns:
2380 4206 2396 4234 ‘
2423 4205 2567 4258 Edd.
2602 4207 2731 4257 add.
