3050 4942
499 353 586 417 22
1382 371 1794 419 ann‘rro.

499 520 986 596 abbreviatura,
1010 517 1079 582 in
1105 517 1247 582 tab.
1273 515 1340 581 2.
1367 523 1757 593 memorata,
1774 535 1896 602 pro
1926 521 1947 550 ‘
1966 516 2080 581 us’
2107 518 2259 582 inde
2292 537 2336 583 a
2362 515 2536 582 Saec.
2567 533 2682 584 xl.

506 622 751 702 obvia3
781 621 1014 687 eadem
1041 639 1166 704 pro
1197 625 1215 653 ‘
1241 616 1440 704 post,’
1482 639 1545 684 6.
1592 639 1654 702 g.
1683 616 1754 683 in
1802 624 1824 653 ‘
1843 619 2170 704 posthac,’
2197 620 2538 684 rarissime
2573 627 2685 686 ta·-

500 744 649 789 men
675 746 694 807 ;
723 743 1053 809 nusquam
1101 721 1563 790 abbreviatum
1606 742 1733 807 pro
1785 721 1980 787 ‘con’
2024 741 2227 806 quam
2272 729 2511 788 auctor
2551 743 2686 788 non

504 840 654 894 ante
682 829 875 893 finem
902 827 1133 894 soeculi
1166 843 1310 891 xli.
1334 827 1613 892 invenit.
1699 826 1809 891 Ex
1848 827 2082 891 tabula
2127 828 2316 892 tertia
2347 826 2687 892 Mannerti

504 931 968 1015 compendium
1008 950 1137 1015 pro
1183 934 1203 964 ‘
1222 928 1365 994 est’
1415 927 1835 1006 sivelineola
1873 930 2305 996 horizontalis
2334 930 2508 993 inter
2548 930 2689 994 duo

501 1041 774 1120 puncta,
821 1034 1000 1116 quod
1045 1033 1613 1097 Schoenemannus
1657 1052 1745 1097 ex
1772 1036 1954 1098 notis
1983 1034 2366 1098 Tironianis
2396 1033 2688 1111 derivat,

502 1137 706 1202 semel
734 1138 839 1201 vel
881 1136 986 1200 bis
1023 1136 1094 1200 in
1139 1134 1390 1219 glossis
1431 1124 1740 1213 occurrit,
1783 1155 2117 1220 nusquam
2145 1137 2211 1200 in
2244 1140 2451 1202 textu.
2541 1135 2687 1200 Ab·

502 1240 899 1304 breviaturae
954 1256 1079 1322 pro
1132 1242 1154 1271 ‘
1175 1235 1318 1315 est,’
1363 1241 1383 1271 ‘
1406 1237 1667 1320 gratia,’
1727 1237 1986 1316 ‘hunc,’
2038 1238 2303 1302 ‘modo'
2348 1239 2689 1305 rarissime

502 1349 750 1420 tamen,
803 1339 1023 1420 ‘non,’
1075 1338 1279 1425 ‘per,’
1332 1340 1561 1426 ‘prae,’
1602 1347 1624 1378 ‘
1645 1341 1803 1425 pro’
1847 1342 2097 1407 tabulae
2138 1347 2387 1424 quartae
2425 1342 2684 1419 incisae,

502 1459 630 1531 pro
659 1450 681 1479 ‘
706 1442 1009 1522 scilicet,'
1040 1449 1058 1477 ‘
1078 1442 1274 1508 vero’
1302 1444 1444 1509 tab.
1473 1445 1753 1529 quintae,
1780 1461 1904 1528 pro
1927 1449 1948 1482 ‘
1967 1442 2169 1520 esse,'
2216 1449 2236 1479 ‘
2260 1445 2473 1527 gratia
2494 1443 2511 1470 ’
2544 1445 2685 1509 tab.

503 1548 824 1633 septimae,
842 1566 965 1630 pro
996 1551 1015 1581 ‘
1039 1546 1532 1628 misericordia}
1551 1548 1762 1612 semel
1781 1548 1918 1614 tab.
1938 1553 2227 1624 octavae,
2252 1562 2376 1630 pro
2406 1552 2426 1581 ‘
2443 1547 2687 1630 pater,·’

503 1658 522 1690 ‘
542 1649 900 1737 quoniam,’
926 1653 949 1684 ‘
968 1653 1244 1714 sanctus
1261 1649 1280 1675 ’
1327 1651 1466 1715 tab.
1493 1669 1686 1715 nonae
1710 1650 1913 1715 etiam
1945 1650 2013 1712 in
2050 1648 2285 1714 codice
2314 1654 2688 1713 occurrunt.

506 1755 897 1820 Notandum
934 1761 1151 1818 autem
1190 1752 1502 1819 lineolam
1540 1773 1809 1819 curvam
1837 1755 1905 1816 in
1926 1753 2033 1817 his
2058 1753 2307 1819 tabulis
2339 1751 2690 1817 vocabulis

501 1859 892 1942 impositam
920 1858 1132 1939 magis
1159 1860 1404 1920 rectam
1431 1875 1581 1921 esse
1606 1856 1676 1920 in
1705 1856 1963 1933 codice,
1999 1855 2181 1940 quod
2221 1855 2482 1937 signum
2519 1855 2690 1918 anti-

504 1961 781 2045 quitatis
835 1979 984 2023 esse
1024 1965 1249 2024 monet
1295 1959 1725 2041 Mannertus3
1770 1957 2007 2022 deinde
2054 1958 2410 2042 pauciores
2455 1955 2689 2040 depre-

504 2061 698 2126 hendi
729 2061 1232 2126 abbreviaturas
1273 2062 1339 2125 in
1378 2067 1571 2127 textu
1604 2061 2123 2138 Comoediarum,
2168 2062 2394 2144 plures
2422 2059 2495 2123 in
2538 2079 2695 2144 pro-

504 2164 882 2246 legomeniS,
914 2168 983 2227 et
1007 2162 1222 2227 adhuc
1258 2163 1482 2247 plures
1512 2165 1580 2228 in
1608 2163 1874 2246 glossiS,
1906 2164 1971 2226 in
1991 2163 2235 2246 quibus
2256 2163 2458 2227 etiam
2480 2163 2690 2226 semel

506 2269 570 2331 in
590 2266 917 2330 vocabulo
946 2268 969 2299 ‘
989 2266 1464 2350 compendiose
1479 2266 1498 2293 ⁹
1524 2286 1649 2350 pro
1671 2268 1935 2351 syllaba
1965 2273 1984 2303 ‘
2003 2286 2155 2331 60111
2176 2265 2196 2291 ’
2222 2265 2688 2350 compendium

505 2367 686 2450 istud
712 2369 873 2448 vidi,
905 2370 1088 2454 quod
1117 2375 1305 2434 extat
1331 2370 1470 2434 tab.
1497 2371 1562 2434 9.
1605 2377 1673 2436 et
1700 2367 1820 2434 fini
1867 2369 2107 2435 saeculi
2140 2386 2282 2433 xn.
2317 2367 2690 2433 ascribitur.

507 2470 776 2535 Adsunt
796 2472 996 2536 etiam
1013 2472 1086 2536 in
1113 2471 1348 2538 codice
1378 2472 1781 2556 compendia
1801 2473 2174 2555 scripturae,
2201 2490 2357 2555 quae
2379 2471 2690 2536 Manner-

506 2579 616 2638 tus
643 2591 772 2638 non
793 2575 1060 2659 profert,
1087 2595 1146 2640 6.
1174 2597 1234 2658 g.
1263 2563 1296 2638 ῒ
1324 2594 1447 2659 pro
1478 2578 1499 2607 ‘
1518 2574 1668 2653 vel,’
1687 2570 1908 2638 ubivis
1931 2574 1996 2636 111
2022 2573 2287 2656 glossis,
2314 2574 2517 2638 3611161
2543 2581 2691 2638 tan·-

470 2683 645 2742 ··tum
673 2677 744 2742 in
769 2684 955 2743 textu
982 2678 1291 2759 obvium3
1334 2665 1412 2740 ia*
1444 2695 1569 2760 pro
1612 2675 1724 2740 ‘id
1753 2673 1888 2739 est’
1918 2674 2260 2740 usitatum.
2349 2675 2456 2741 De
2479 2677 2691 2740 omni-

503 2779 633 2844 bus
664 2779 1146 2845 abbreviatoris
1173 2778 1534 2846 universim
1577 2778 1903 2864 spectatis
1930 2779 2134 2855 valet,
2161 2777 2514 2854 vocabula,
2557 2797 2691 2843 non

507 2882 1061 2968 quotiescumque
1106 2891 1486 2957 occurrunt,
1533 2880 1735 2945 modo
1781 2878 2072 2945 adducto
2126 2880 2526 2958 abbreviari,
2572 2880 2693 2945 sed

507 2983 640 3046 alia
667 3002 877 3066 saepe,
908 2985 1044 3049 alia
1073 2985 1426 3063 interdum,
1461 2984 1597 3047 alia
1639 3002 1817 3064 raro,
1865 2982 1971 3045 vel
2016 2983 2368 3048 rarissime.
2459 2983 2540 3047 In
2585 2983 2695 3048 his

507 3102 666 3150 vero
697 3086 1307 3151 abbreviationibus
1336 3086 1768 3170 paucissimae
1800 3092 2019 3162 erunt,
2042 3105 2198 3169 quae
2225 3105 2355 3150 non
2374 3085 2520 3170 jam
2545 3085 2694 3151 See-

508 3187 665 3250 culo
710 3204 788 3250 x.
835 3188 941 3252 vel
994 3204 1104 3252 xl.
1161 3190 1231 3253 in
1279 3188 1626 3253 codicibus
1672 3188 2116 3252 obtinuerunt.
2206 3185 2693 3271 Compendium

479 3287 838 3353 'scribendi
894 3297 1000 3368 θ,
1046 3276 1180 3374 quo
1218 3309 1455 3355 nomen
1501 3288 1799 3353 Terentii
1844 3290 2235 3372 exprimitur
2277 3290 2348 3353 in
2396 3289 2697 3373 Prologo

509 3388 843 3470 Eunuchi,
871 3393 1038 3456 inter
1065 3392 1696 3456 notas-Tironianas
1723 3390 2131 3456 referendum
2159 3411 2305 3456 esse
2332 3376 2649 3456 videtur(

595 3490 752 3556 Alia
780 3493 1029 3558 indicia
1058 3494 1320 3572 saeculi,
1351 3495 1459 3558 cui
1489 3493 1795 3558 codicem
1823 3494 2197 3572 tribuimus,
2235 3500 2388 3559 sunt
2406 3513 2694 3579 sequen-

509 3594 623 3658 tia.
712 3594 1175 3678 Diphthongus
1204 3618 1252 3660 ae
1277 3613 1611 3680 nusquam
1649 3597 1962 3661 scribitur
2007 3617 2127 3681 per
2152 3618 2184 3660 e
2215 3597 2530 3680 simplex,
2574 3598 2697 3661 sed

509 3716 628 3779 per
656 3717 703 3759 αι
729 3697 835 3761 vel
867 3719 899 3796 ς
928 3699 1306 3777 caudatum,
1335 3706 1404 3764 et
1434 3700 1710 3783 quidem
1741 3700 1944 3784 priori
1972 3700 2178 3762 forma
2206 3700 2459 3782 saepius
2487 3718 2695 3782 quam

510 3800 909 3881 posteriori3
952 3800 1397 3885 diphthongus
1422 3821 1474 3864 ιι
1509 3822 1628 3884 per
1655 3823 1743 3865 oe.
1830 3801 2056 3865 Litera
2096 3801 2120 3862 i
2160 3804 2409 3885 ubique
2439 3811 2698 3886 puncto

510 3900 622 3964 vel
653 3909 926 3968 accentu
971 3911 1171 3969 caret.
1261 3903 1402 3968 Ubi
1427 3904 1642 3980 adest,
1678 3905 2043 3968 certissime
2085 3923 2127 3967 a
2164 3905 2461 3988 sequiori
2490 3923 2694 3968 manu

511 4002 874 4085 ascriptum
930 4012 1055 4070 est.
1143 4004 1327 4083 Quin
1365 4006 1519 4070 duee
1556 4006 1767 4070 literae
1815 4005 1864 4066 ii
1901 4006 2278 4087 continguas
2306 4007 2696 4071 accentibus

511 4111 761 4181 carent,
788 4123 845 4169 e.
873 4125 934 4186 g.
962 4105 1031 4170 in
1064 4105 1400 4190 ‘nuptiiS,’
1451 4111 1470 4140 ⁸
1492 4106 1690 4184 alii&
1736 4105 1940 4184 ‘Dii,'
1987 4111 2007 4141 ‘
2033 4106 2267 4190 periit,’
2312 4112 2332 4142 ‘
2353 4108 2534 4185 abii:
2562 4116 2694 4173 etc.

512 4212 579 4269 et
606 4225 755 4271 cum
778 4207 926 4272 111116
950 4227 991 4272 a
1009 4209 1258 4272 saeculo
1282 4222 1425 4272 xn.
1451 4213 1768 4272 accentus
1798 4207 2078 4291 ascripti
2108 4209 2259 4284 sint,
2287 4211 2380 4285 (v.
2414 4204 2701 4273 Schoene'-
