3050 4942
1248 387 1668 438 PRAEFA'rm.
2436 453 2441 457 ,
2473 376 2557 443 ll

351 535 600 600 Visum
629 534 835 619 igitur
857 533 981 598 suit
1004 533 1415 612 faciendum,
1439 540 1514 598 nt
1544 533 1631 598 ad
1664 537 2015 616 utrumque
2032 532 2218 598 illum
2237 531 2560 601 codicem

349 642 418 702 et
463 638 771 720 vulgatas
822 635 1171 700 Editiones
1214 636 1583 719 exigerem,
1626 643 1719 712 et,
1770 654 1921 718 quae
1971 637 2057 700 ab
2110 635 2214 700 his
2266 638 2562 714 aberant,

350 736 507 802 inde
540 740 1065 803 transcriberem.
1155 737 1424 815 Fateor,
1456 737 1567 801 vel
1603 738 1702 801 sic
1732 737 1944 801 multa
1971 736 2043 800 in
2070 755 2154 803 eo
2185 756 2558 820 superesse,

351 861 503 925 quae
533 842 864 907 medicam
892 860 1158 905 manum
1188 840 1600 922 desiderent3
1645 838 1763 904 sed
1813 839 2372 922 qualemcumque
2430 839 2564 907 Eu-

349 944 700 1026 graphium
743 944 967 1022 edere,
1013 964 1217 1028 quam
1264 944 1515 1007 nullum
1556 943 1785 1021 malui,
1830 942 2129 1008 maxime
2171 960 2326 1006 cum
2368 940 2564 1024 hujus

348 1045 642 1109 instituti
668 1047 799 1109 mei
828 1065 1149 1126 summoS,
1196 1066 1368 1130 quos
1415 1045 1712 1122 laudavi,
1746 1043 1949 1110 Viros
1995 1050 2322 1108 auctores.
2352 1041 2564 1107 habe-

350 1165 528 1227 rem3
574 1155 664 1226 ut,
695 1149 754 1213 si
783 1150 948 1215 tanti
998 1157 1108 1214 est
1159 1149 1604 1231 Eugraphius‚
1651 1147 2107 1212 Eruditiorum
2129 1144 2560 1228 ‚conjecturae

353 1256 426 1313 et
453 1252 897 1318 emendationi
926 1253 1117 1317 locus
1140 1259 1346 1316 esset.
1391 1249 1572 1330 Quae
1605 1251 1754 1336 ipse
1782 1268 2243 1333 nonnunquam
2276 1249 2562 1332 aspersi,

352 1351 605 1417 leviora
660 1362 836 1432 sunt,
896 1375 1101 1438 quam
1157 1374 1309 1438 quae
1366 1374 1776 1437 magnopere
1834 1352 2099 1417 laudari
2156 1357 2562 1416 mereantur.

353 1452 594 1538 Neque
625 1458 803 1520 enim
834 1457 1301 1542 perpurgando
1331 1457 1432 1521 illi
1460 1455 1706 1539 Augiae
1739 1455 2006 1520 stabulo
2047 1453 2258 1518 otium
2307 1472 2561 1536 suppe-

355 1557 569 1621 tebat.
659 1557 832 1623 Cum
864 1561 1039 1624 enim
1071 1560 1261 1625 nullo
1289 1559 1681 1625 discrimine
1708 1558 2114 1623 Terentiana
2153 1554 2565 1640 Eugraphia-

353 1659 462 1722 nis
505 1661 707 1725 mista
749 1662 1250 1746 corruptissime
1276 1663 1701 1744 ‘legerentun
1748 1661 1836 1724 iis
1883 1665 2241 1742 utcumque
2297 1657 2566 1721 concin-

352 1761 595 1825 nandis
640 1765 808 1828 satis
860 1765 1310 1831 molestiarum
1355 1763 1866 1848 profligandum,
1901 1760 2068 1825 satis
2123 1758 2312 1825 taedii
2359 1758 2562 1822 devo-

353 1863 631 1928 randum
659 1865 805 1930 fuit.

444 1965 553 2029 De
581 1969 804 2032 verbis
834 1975 1057 2034 autem
1097 1970 1318 2054 ipsius
1360 1969 1678 2047 Terentii,
1710 1986 1792 2032 ea
1835 1966 2130 2032 maxime
2179 1964 2265 2029 ad
2316 1962 2564 2038 Faerni

355 2066 730 2134 Editionem
763 2071 1081 2152 exbibui3
1125 2091 1262 2137 non
1292 2073 1393 2136 ita
1419 2078 1664 2150 tamen,
1693 2077 1796 2148 ut,
1844 2070 1964 2134 ubi
1994 2068 2174 2134 ratio
2203 2065 2559 2132 manifesto

357 2169 545 2234 aliud
586 2172 873 2237 suadere
915 2173 1285 2251 videbatur,
1327 2180 1672 2257 nunquam
1715 2191 1914 2238 secus
1966 2170 2315 2252 legendum
2365 2168 2562 2233 eden-

354 2270 604 2336 dumve
635 2275 1185 2339 existimaverim.
1274 2274 1385 2339 Ne
1414 2276 1567 2358 quis
1597 2273 1850 2351 credat,
1896 2293 2003 2339 me
2032 2271 2304 2357 Guyeti,
2353 2271 2563 2337 Codi-

334 2362 476 2439 ces
512 2375 684 2440 Mss.
712 2377 955 2459 quibus
987 2397 1153 2442 usus
1180 2383 1284 2442 est
1312 2375 1633 2453 Faernus,
1686 2375 1770 2440 ad
1804 2375 1980 2441 Hec.
2017 2393 2097 2440 ιι.
2119 2375 2183 2440 2.
2214 2376 2320 2440 16.
2353 2376 2561 2456 sugil-

358 2477 584 2556 lantis,
615 2481 1007 2544 auctoritate
1033 2488 1295 2545 motum
1324 2500 1366 2544 a
1391 2481 1570 2545 tanti
1598 2477 1751 2544 Viri
1778 2479 2066 2544 lectione
2092 2497 2563 2561 nonnunquam

296 2659 303 2667 ³
360 2581 752 2645 recessisse.
842 2581 979 2660 Qui
1005 2601 1169 2647 vero
1197 2601 1236 2646 e
1263 2588 1400 2647 tam
1440 2582 1674 2664 grandi
1716 2580 2325 2647 vetustissimorum
2354 2576 2562 2647 Codi-

362 2699 548 2761 cum,
578 2689 846 2767 tamque
893 2684 1086 2749 varia
1134 2684 1564 2748 confusorum
1599 2701 1915 2749 versuum
1961 2680 2286 2747 varietate
2331 2699 2562 2745 verum

359 2787 437 2847 et
464 2785 815 2865 genuinum
844 2786 1212 2869 aliquando
1259 2785 1648 2850 Terentium
1698 2784 1893 2847 nobis
1940 2782 2221 2847 daturus
2257 2788 2387 2856 est,
2430 2799 2561 2858 nae,

357 2884 425 2948 is
456 2904 744 2966 magnus
776 2884 1029 2969 Apollo
1055 2887 1274 2952 fuerit.
1362 2886 1516 2952 Nec
1549 2886 1912 2950 Bembinus
1932 2884 2048 2949 ille
2079 2883 2305 2960 Liber,
2331 2901 2561 2965 quam·

359 2985 525 3050 libet
552 2988 759 3069 prisci
791 2990 945 3066 aevi,
995 3009 1257 3073 semper
1304 2989 1476 3054 satis
1510 2989 1740 3072 placet
1783 2985 2073 3052 Faerno.
2163 2982 2346 3063 Quid
2378 2983 2573 3067 quod-

362 3085 683 3171 Guyetus
714 3090 801 3154 ad
829 3090 996 3154 Eun.
1034 3107 1111 3154 ιι.
1139 3091 1204 3155 2.
1232 3093 1340 3156 20.
1386 3091 1830 3156 Terentianas
1883 3087 2178 3153 Fabulas
2212 3086 2359 3171 jam
2406 3094 2561 3153 ante

360 3186 714 3255 Ciceronis
737 3199 1030 3269 aetatem,
1054 3193 1128 3257 id
1157 3198 1285 3272 est,
1308 3192 1618 3276 proxime
1642 3190 1937 3256 Terentii
1957 3189 2238 3267 obitum,
2256 3188 2561 3272 interpo-

358 3290 535 3356 latas
567 3300 638 3356 et
667 3293 1074 3376 depravatas
1102 3295 1308 3359 fuisse
1338 3293 1613 3359 censet?
1685 3291 2181 3376 Quodcumque
2204 3291 2425 3370 fuerit,
2449 3291 2564 3357 ci·

360 3392 697 3473 ¹neronem,
739 3415 872 3460 non
911 3399 1109 3479 longe
1149 3396 1322 3462 adeo
1359 3417 1401 3461 a
1429 3397 1730 3462 Terentii
1779 3403 1987 3462 aetate
2029 3400 2377 3473 remotum,
2422 3414 2565 3460 cor-

362 3505 565 3580 rupto
584 3497 732 3582 jam
763 3500 1080 3584 exemplo
1112 3520 1309 3565 usum
1333 3519 1507 3578 esse,
1534 3520 1693 3567 vero
1726 3500 2079 3565 admodum
2110 3498 2185 3565 fit
2214 3498 2450 3565 simile.

453 3598 720 3663 Causas
743 3601 1138 3683 ignorantiae
1159 3602 1453 3668 metricae
1479 3604 1552 3666 in
1572 3603 1807 3687 primis
1835 3602 2152 3667 abolitam
2171 3601 2415 3666 Romae
2439 3601 2565 3665 sub

365 3703 677 3784 Augusto
710 3704 1139 3787 antiquitatis
1185 3705 1578 3771 memoriam
1604 3713 1808 3773 vocat
1848 3707 1922 3770 iu
1965 3704 2247 3770 Senario
2285 3721 2410 3767 suo
2455 3700 2561 3767 cl.

366 3802 524 3868 Chr.
553 3804 862 3883 WasiuS,
888 3805 1351 3891 Tragicosque
1374 3807 1581 3890 juxta
1605 3826 1689 3872 ac
1721 3806 2043 3873 Comicos
2073 3809 2328 3869 veteres
2348 3803 2562 3871 Bibli÷

367 3906 627 3971 othecis
654 3909 724 3972 in
752 3908 940 3972 Urbe
987 3908 1284 3991 publicis
1312 3907 1658 3992 dejectos3
1702 3908 1976 3993 quando
2022 3904 2357 3972 Auctores
2406 3925 2562 3975 vero

364 4004 616 4073 honore
640 4009 992 4077 fraudatos
1021 4012 1232 4078 denuo
1274 4012 1646 4077 describere
1692 4029 1914 4096 operae
1941 4009 2227 4096 pretium
2256 4027 2398 4074 non
2420 4008 2563 4072 sue·

366 4110 455 4175 rit
480 4111 823 4177 LibrariiS.
897 4114 1033 4179 Sed
1061 4122 1215 4180 cum
1241 4135 1365 4181 nec
1396 4115 1684 4194 Lucilio,
1715 4112 1952 4196 Magni
1977 4111 2291 4195 Pompeii
2313 4128 2557 4191 magno

370 4215 724 4296 avunculo,
751 4225 1161 4301 parceretur,
1203 4238 1358 4284 cum
1386 4237 1428 4284 a
1450 4217 1659 4284 Nova
1687 4215 1899 4284 Poesi
1926 4215 2120 4281 Ennii
2152 4211 2557 4297 sterquilini-
