3050 4942
499 353 587 423 56
1153 346 1457 415 'vro-ron
1506 367 1604 413 ns
1651 365 2034 414 coMOEmA.

494 513 857 590 pressiones,
906 512 1236 591 agnitaeque
1287 510 1660 590 agitarentur>
1694 512 2031 572 affinitates.
2134 512 2386 571 Demum
2439 510 2692 579 Athenis

505 609 898 670 Macedonum
942 609 1271 689 petulantia
1312 609 1664 690 subjugati&
1713 628 1816 670 eas
1866 609 2150 670 continuo
2197 607 2469 669 Fabellas
2511 607 2690 669 edere

502 707 857 768 studuerunt
881 709 1096 786 po'etae,
1122 706 1335 786 quibus
1364 707 1595 767 illorum
1623 706 1942 787 impuritati
1972 706 2342 767 satisfactum
2372 725 2505 764 esse
2532 704 2696 764 vide-

505 815 681 863 retur.
766 802 1265 883 Quandoquidem
1294 804 1388 864 vel
1414 824 1488 863 ex
1521 804 1789 864 Athenaei
1832 804 2224 864 monumentis
2266 802 2442 863 facile
2486 821 2700 882 possu-

504 920 635 961 mus
663 900 1015 980 conjectare,
1059 901 1221 980 quod
1249 900 1405 981 gulae
1437 901 1774 982 ventrisque
1818 900 2052 962 servitio
2085 900 2449 961 Macedones
2478 898 2701 958 fuerint

468 1070 473 1076 .
506 996 877 1079 emancipati.
964 997 1294 1058 Menander
1333 998 1555 1078 itaque,
1604 1019 1728 1059 suae
1776 998 2110 1080 tempestati
2151 1017 2370 1057 morem
2401 1007 2700 1077 gesturus,

509 1092 871 1154 Comoediam
914 1096 990 1156 ab
1018 1094 1427 1176 Aristophanis
1457 1096 1682 1156 Cocalo
1712 1096 1960 1157 feliciter
1996 1095 2315 1156 admodum
2361 1104 2454 1155 est
2495 1093 2700 1171 auspi-

506 1201 675 1251 catus
701 1211 715 1250 :
745 1193 837 1252 cui
870 1193 954 1253 sic
977 1193 1224 1253 Ovidius
1253 1194 1464 1253 alludit
1490 1196 1771 1254 Amorum
1801 1194 2088 1267 secundo,
2117 1194 2288 1253 nobis
2319 1193 2506 1253 obiter
2534 1211 2701 1270 quse-

507 1302 644 1349 nam
671 1289 886 1349 fuerint
910 1290 1036 1371 ejus
1065 1300 1409 1371 argumenta
1434 1290 1870 1362 demonstranS,

749 1435 905 1494 Dum
931 1437 1111 1495 fallax
1139 1457 1364 1506 servuS‚
1393 1437 1574 1496 durus
1597 1447 1782 1516 pater,
1809 1438 2073 1517 improba
2101 1438 2239 1497 lena

833 1531 1076 1605 Vixerit‚
1106 1547 1165 1595 et
1192 1536 1460 1594 meretrix
1486 1534 1730 1608 blanda,
1760 1534 2124 1595 Menandros
2155 1536 2284 1594 erit.

508 1677 687 1745 ¹Quod
719 1698 828 1739 nos
857 1699 991 1739 cum
1019 1680 1235 1740 Graeco
1262 1680 1519 1742 carmine
1549 1681 1822 1743 ludentes
1866 1682 1924 1741 in
1955 1685 2253 1763 egregiam
2280 1682 2536 1744 Terentii
2568 1682 2703 1740 lau-

513 1775 644 1835 dem
678 1777 1074 1850 venissemus,
1115 1778 1220 1837 tibi
1266 1779 1687 1858 pulcherrimos
1732 1781 2029 1840 condendi
2070 1783 2295 1841 iambos
2323 1780 2565 1842 dedisse
2594 1799 2705 1838 an·

515 1894 643 1933 sam
671 1875 949 1934 videmur.
1035 1876 1308 1936 Ceterum
1341 1876 1452 1936 fuit
1477 1888 1613 1937 octo
1635 1887 1871 1937 tanturn
1912 1879 2082 1938 annis
2115 1878 2315 1957 junior
2342 1876 2709 1948 Alexandro,

514 1973 801 2051 sanguine
829 1973 1042 2033 nobilis
1071 1985 1132 2033 et
1159 1994 1383 2033 morum
1413 1972 1746 2053 integritate
1783 1974 2123 2052 praeclarus.
2207 1974 2575 2052 Alexideque
2617 1975 2714 2050 (ut

516 2069 789 2145 arbitror)
813 2083 1171 2150 praeceptore
1190 2071 1315 2150 jam
1346 2071 1695 2132 adolescens
1726 2071 1864 2131 dare
1897 2072 2152 2131 Fabulas
2182 2071 2380 2151 coepit,
2409 2091 2547 2150 quae
2574 2088 2715 2129 cen-

515 2175 639 2225 tum
668 2174 730 2226 et
772 2177 909 2227 octo
949 2187 1193 2228 numero
1238 2188 1434 2227 coram
1482 2167 1840 2228 doctissimis
1883 2170 2212 2248 quibusque
2256 2177 2566 2238 steterunt,
2616 2167 2712 2225 vel

520 2262 779 2342 quinque
820 2283 998 2344 supra
1040 2276 1299 2339 centum,
1341 2277 1410 2325 ut
1455 2267 1739 2326 cecinisse
1770 2266 2197 2347 Apollodorum
2228 2265 2459 2326 Gellius
2489 2264 2717 2323 scribit.

512 2360 785 2419 Tandem
813 2362 1065 2422 Athenis
1107 2363 1165 2421 in
1196 2364 1386 2442 patria
1423 2363 1576 2423 duos
1604 2375 1666 2424 et
1694 2364 2125 2444 quinquaginta
2147 2373 2325 2423 natus
2354 2381 2544 2422 annos
2571 2360 2719 2421 obiit

518 2467 788 2530 mortem,
837 2459 1067 2521 decimo
1118 2461 1344 2522 scilicet
1386 2472 1523 2522 ante
1568 2462 1787 2521 bellum
1833 2461 2292 2522 Macedonicum
2330 2478 2509 2533 ann0‚
2552 2457 2719 2538 quod

520 2555 779 2635 Pyrrhus
811 2577 942 2617 cum
974 2559 1194 2637 populo
1223 2560 1495 2619 Romano
1513 2560 1705 2639 «gessit
1732 2558 2097 2619 acerrimum.
2154 2559 2283 2618 Nec
2303 2557 2451 2618 solae
2474 2556 2718 2637 quidem

518 2654 613 2712 hae
647 2654 962 2714 Menandri
997 2656 1236 2716 Fabulae
1266 2657 1661 2717 Macedonum
1690 2657 1921 2715 lumbos
1948 2660 2041 2733 (ut
2066 2656 2159 2716 his
2189 2667 2322 2715 utar
2359 2654 2548 2714 Persii
2587 2671 2722 2711 ver-

522 2754 637 2827 bis)
680 2753 990 2825 intravere,
1028 2754 1140 2814 sed
1187 2767 1246 2814 et
1286 2756 1417 2815 aliae
1450 2755 1671 2835 Diphili
1698 2755 1939 2832 Sinopei
1968 2738 2204 2813 centum
2235 2751 2722 2829 Philemonisque

498 2851 882 2930 -Syracusani
908 2851 1295 2912 Menandrum
1327 2853 1659 2913 aemulantis
1681 2853 1801 2912 fere
1825 2852 2070 2911 totidem
2096 2859 2497 2910 accesserunt.
2556 2847 2724 2906 Prae-

496 2956 686 3006 ·tereo
726 2967 880 3026 quas
930 2950 1349 3027 ApollodoruS,
1395 2948 1772 3028 Posidippus,
1815 2958 1878 3007 et
1928 2946 2291 3027 Philippides
2337 2944 2727 3017 addiderunt,

525 3062 595 3102 ae
624 3046 826 3114 ceteri,
856 3064 1005 3123 quos
1035 3065 1190 3105 nova
1218 3046 1523 3106 Comoedia
1547 3047 1882 3106 celebravit.
1939 3044 2217 3105 Profecto
2241 3044 2388 3102 mira
2414 3042 2527 3103 fuit
2555 3042 2723 3101 Aris-

530 3139 806 3218 tophanis
837 3142 1122 3202 felicitas:
1167 3144 1334 3221 cujus
1371 3162 1490 3202 una
1521 3144 1778 3203 Cocalus
1808 3162 1841 3201 e
1869 3141 2298 3221 quinquaginta
2324 3138 2581 3218 quatuor
2608 3143 2730 3216 (tot

528 3238 686 3296 enim
734 3237 952 3298 vidisse
1002 3259 1066 3299 se
1113 3239 1368 3300 Thomas
1418 3240 1707 3320 Magister
1749 3239 1857 3315 ait)
1902 3239 2053 3299 adeo
2095 3237 2311 3297 multas
2354 3237 2725 3299 diversorum

533 3336 837 3412 poetarum
892 3337 1149 3399 Fabulas
1172 3387 1174 3391 ,
1198 3337 1533 3418 procrearit,
1580 3358 1715 3417 quse
1757 3357 1891 3399 cum
1937 3345 2181 3416 parente
2226 3354 2334 3394 suo
2360 3333 2729 3413 reliquisque

532 3431 808 3493 Veterum
840 3455 1011 3514 paene
1039 3436 1311 3495 omnibus
1340 3437 1415 3494 ab
1442 3455 1556 3494 usu
1583 3447 1785 3496 nostro
1815 3433 2139 3494 suffurante
2179 3443 2444 3510 tempore
2482 3431 2729 3492 excide-

529 3539 685 3588 runt.
759 3532 996 3591 Utinam
1023 3543 1290 3592 extarent
1311 3531 1406 3591 vel
1432 3531 1782 3593 dimidiatae:
1813 3549 1931 3590 non
1962 3529 2113 3589 adeo
2137 3530 2337 3589 forsan
2366 3528 2427 3586 in
2455 3548 2727 3608 praesen-

510 3625 614 3684 ·tia
645 3627 899 3688 Fabulas
942 3628 1352 3709 perspiciendo
1397 3629 1841 3696 coecutiremus3
1885 3647 1996 3687 nec
2019 3636 2183 3686 esset
2210 3645 2315 3686 eur
2341 3645 2456 3704 ego
2488 3646 2598 3686 vos
2630 3647 2729 3686 se-

530 3722 806 3784 micaecus
854 3725 1067 3786 ducere
1111 3745 1374 3786 conarer.
1458 3724 1598 3797 Sed,
1643 3734 1777 3784 acta
1822 3744 1897 3783 ne
1943 3742 2209 3801 agamus,
2248 3722 2455 3781 vitium
2503 3723 2623 3783 hoc
2666 3734 2732 3784 et

529 3822 884 3902 praeteritam
915 3824 1307 3884 calamitatem
1337 3825 1430 3884 his
1462 3823 1633 3903 quasi
1660 3822 1948 3900 frugibus,
1979 3829 2271 3898 quotquot
2296 3829 2521 3892 extant,
2560 3820 2732 3881 Aris·

534 3917 811 3995 tophanis
845 3921 1100 3980 Fabellis
1130 3932 1604 4001 compensantes.
1690 3916 1927 3996 Duplex
1960 3935 2093 3974 esse
2137 3935 2509 3975 numerorum
2529 3916 2733 3977 -diffe-

508 4016 725 4074 ·rentia
749 4014 1019 4076 videtur:
1063 4004 1537 4097 quandoquidem
1566 4013 1811 4074 Veteres
1841 4012 1928 4070 illi
1967 4011 2331 4070 Comoediam
2379 4009 2558 4071 variis
2603 4013 2732 4072 dis-

516 4113 802 4191 'tinguere
839 4113 1100 4173 versibus
1128 4115 1500 4185 studuerunt,
1528 4131 1601 4172 eo
1623 4109 1787 4189 quod
1816 4108 1976 4171 laudi
2002 4108 2253 4169 maxime
2283 4106 2541 4180 daretur,
2571 4110 2735 4189 siqui

538 4228 754 4270 novum
774 4209 1051 4269 carminis
1080 4229 1271 4287 genus
1296 4207 1755 4271 adinvenissent.
1839 4203 2016 4267 Unde
2043 4202 2383 4283 Phrynicus.
2411 4204 2473 4264 in
2520 4205 2733 4269 lonico
