<?xml version="1.0" encoding="UTF-8"?>
<!DOCTYPE html PUBLIC "-//W3C//DTD XHTML 1.0 Transitional//EN"
    "http://www.w3.org/TR/xhtml1/DTD/xhtml1-transitional.dtd">
<html xmlns="http://www.w3.org/1999/xhtml" xml:lang="en" lang="en">
 <head>
  <title>
</title>
<meta http-equiv="Content-Type" content="text/html;charset=utf-8" />
  <meta name='ocr-system' content='tesseract 3.04.00' />
  <meta name='ocr-capabilities' content='ocr_page ocr_carea ocr_par ocr_line ocrx_word'/>
</head>
<body>
  <div class='ocr_page' id='page_1' title='image "./comoedisex00unkngoog_0077.png"; bbox 0 0 3050 4942; ppageno 0'>
   <div class='ocr_carea' id='block_1_1' title="bbox 1168 325 2634 391">
    <p class='ocr_par' dir='ltr' id='par_1_1' title="bbox 1168 325 2634 391">
     <span class='ocr_line' id='line_1_1' title="bbox 1168 325 2634 391; baseline 0.006 -8"><span class='ocrx_word' id='word_1_1' title='bbox 1168 335 1267 383; x_wconf 77' lang='lat' dir='ltr'>nu</span> <span class='ocrx_word' id='word_1_2' title='bbox 1311 334 1411 382; x_wconf 76' lang='grc' dir='ltr'>ΤΗ</span> <span class='ocrx_word' id='word_1_3' title='bbox 1427 336 1689 384; x_wconf 59' lang='lat' dir='ltr'>affrae.</span> <span class='ocrx_word' id='word_1_4' title='bbox 2431 325 2520 391; x_wconf 75' lang='lat'>6⁸7</span> <span class='ocrx_word' id='word_1_5' title='bbox 2631 368 2634 369; x_wconf 29' lang='lat' dir='ltr'><strong><em>f</em></strong></span> 
     </span>
    </p>
   </div>
   <div class='ocr_carea' id='block_1_2' title="bbox 324 478 2541 2606">
    <p class='ocr_par' dir='ltr' id='par_1_2' title="bbox 324 478 2536 2117">
     <span class='ocr_line' id='line_1_2' title="bbox 404 478 2518 560; baseline 0.004 -24"><span class='ocrx_word' id='word_1_6' title='bbox 404 479 610 551; x_wconf 87' lang='lat' dir='ltr'>Lucta,</span> <span class='ocrx_word' id='word_1_7' title='bbox 644 478 871 538; x_wconf 80' lang='lat' dir='ltr'>Graecis</span> <span class='ocrx_word' id='word_1_8' title='bbox 900 478 1055 558; x_wconf 81' lang='lat' dir='ltr'>pale,</span> <span class='ocrx_word' id='word_1_9' title='bbox 1084 479 1176 538; x_wconf 89' lang='lat' dir='ltr'>vel</span> <span class='ocrx_word' id='word_1_10' title='bbox 1206 480 1265 539; x_wconf 86' lang='lat' dir='ltr'>in</span> <span class='ocrx_word' id='word_1_11' title='bbox 1295 499 1484 551; x_wconf 88' lang='lat' dir='ltr'>coen0‚</span> <span class='ocrx_word' id='word_1_12' title='bbox 1516 481 1608 540; x_wconf 84' lang='lat' dir='ltr'>vel</span> <span class='ocrx_word' id='word_1_13' title='bbox 1654 489 1851 551; x_wconf 80' lang='lat' dir='ltr'>arena,</span> <span class='ocrx_word' id='word_1_14' title='bbox 1892 482 1984 541; x_wconf 80' lang='lat' dir='ltr'>vel</span> <span class='ocrx_word' id='word_1_15' title='bbox 2020 483 2269 560; x_wconf 72' lang='lat' dir='ltr'>‘pulvere</span> <span class='ocrx_word' id='word_1_16' title='bbox 2299 485 2518 552; x_wconf 55' lang='lat' dir='ltr'>fiebam</span> 
     </span>
     <span class='ocr_line' id='line_1_3' title="bbox 324 575 2519 660; baseline 0.003 -25"><span class='ocrx_word' id='word_1_17' title='bbox 324 576 478 637; x_wconf 87' lang='lat' dir='ltr'>unde</span> <span class='ocrx_word' id='word_1_18' title='bbox 504 576 832 637; x_wconf 81' lang='lat' dir='ltr'>luctatores</span> <span class='ocrx_word' id='word_1_19' title='bbox 858 576 920 642; x_wconf 85' lang='lat' dir='ltr'>in</span> <span class='ocrx_word' id='word_1_20' title='bbox 951 575 1131 635; x_wconf 84' lang='lat' dir='ltr'>Ludis</span> <span class='ocrx_word' id='word_1_21' title='bbox 1163 575 1489 655; x_wconf 72' lang='lat' dir='ltr'>GymniciS,</span> <span class='ocrx_word' id='word_1_22' title='bbox 1535 588 1639 638; x_wconf 87' lang='lat' dir='ltr'>aut</span> <span class='ocrx_word' id='word_1_23' title='bbox 1666 577 1965 656; x_wconf 80' lang='lat' dir='ltr'>palaestra,</span> <span class='ocrx_word' id='word_1_24' title='bbox 1995 579 2224 641; x_wconf 80' lang='lat' dir='ltr'>Groecis</span> <span class='ocrx_word' id='word_1_25' title='bbox 2252 581 2519 660; x_wconf 70' lang='lat' dir='ltr'>palaestae</span> 
     </span>
     <span class='ocr_line' id='line_1_4' title="bbox 327 671 2522 756; baseline 0.002 -24"><span class='ocrx_word' id='word_1_26' title='bbox 327 672 628 752; x_wconf 87' lang='lat' dir='ltr'>appellati.</span> <span class='ocrx_word' id='word_1_27' title='bbox 715 673 763 732; x_wconf 92' lang='lat' dir='ltr'>Ii</span> <span class='ocrx_word' id='word_1_28' title='bbox 793 671 1090 742; x_wconf 87' lang='lat' dir='ltr'>luctaturi,</span> <span class='ocrx_word' id='word_1_29' title='bbox 1119 685 1433 744; x_wconf 84' lang='lat' dir='ltr'>ceromate,</span> <span class='ocrx_word' id='word_1_30' title='bbox 1463 674 1523 733; x_wconf 89' lang='lat' dir='ltr'>id</span> <span class='ocrx_word' id='word_1_31' title='bbox 1554 683 1668 747; x_wconf 89' lang='lat' dir='ltr'>est,</span> <span class='ocrx_word' id='word_1_32' title='bbox 1695 675 1830 736; x_wconf 91' lang='lat' dir='ltr'>oleo</span> <span class='ocrx_word' id='word_1_33' title='bbox 1856 688 2055 737; x_wconf 88' lang='lat' dir='ltr'>cerato</span> <span class='ocrx_word' id='word_1_34' title='bbox 2082 679 2522 756; x_wconf 79' lang='lat' dir='ltr'>perfundeban-</span> 
     </span>
     <span class='ocr_line' id='line_1_5' title="bbox 326 768 2524 855; baseline 0.003 -26"><span class='ocrx_word' id='word_1_35' title='bbox 326 780 452 829; x_wconf 85' lang='lat' dir='ltr'><strong>tur:</strong></span> <span class='ocrx_word' id='word_1_36' title='bbox 495 769 682 841; x_wconf 89' lang='lat' dir='ltr'>unde‚</span> <span class='ocrx_word' id='word_1_37' title='bbox 715 768 816 848; x_wconf 85' lang='lat' dir='ltr'>qui</span> <span class='ocrx_word' id='word_1_38' title='bbox 843 789 944 830; x_wconf 86' lang='lat' dir='ltr'>eos</span> <span class='ocrx_word' id='word_1_39' title='bbox 975 772 1302 848; x_wconf 85' lang='lat' dir='ltr'>ungebant,</span> <span class='ocrx_word' id='word_1_40' title='bbox 1331 772 1723 831; x_wconf 79' lang='lat' dir='ltr'>ceromatistee</span> <span class='ocrx_word' id='word_1_41' title='bbox 1761 771 1921 831; x_wconf 88' lang='lat' dir='ltr'>dicti.</span> <span class='ocrx_word' id='word_1_42' title='bbox 2006 773 2258 834; x_wconf 83' lang='lat' dir='ltr'><strong>Pulvere</strong></span> <span class='ocrx_word' id='word_1_43' title='bbox 2286 796 2524 855; x_wconf 86' lang='lat' dir='ltr'>quoque</span> 
     </span>
     <span class='ocr_line' id='line_1_6' title="bbox 326 867 2525 948; baseline 0.003 -21"><span class='ocrx_word' id='word_1_44' title='bbox 326 875 462 947; x_wconf 88' lang='lat' dir='ltr'>post</span> <span class='ocrx_word' id='word_1_45' title='bbox 486 867 829 927; x_wconf 85' lang='lat' dir='ltr'>unctionem</span> <span class='ocrx_word' id='word_1_46' title='bbox 861 867 1371 946; x_wconf 78' lang='lat' dir='ltr'>inspargebantnr,</span> <span class='ocrx_word' id='word_1_47' title='bbox 1400 877 1468 927; x_wconf 91' lang='lat' dir='ltr'>ut</span> <span class='ocrx_word' id='word_1_48' title='bbox 1493 888 1744 948; x_wconf 89' lang='lat' dir='ltr'>corpora</span> <span class='ocrx_word' id='word_1_49' title='bbox 1768 886 2061 930; x_wconf 84' lang='lat' dir='ltr'>ceromate</span> <span class='ocrx_word' id='word_1_50' title='bbox 2090 881 2151 930; x_wconf 88' lang='lat' dir='ltr'>et</span> <span class='ocrx_word' id='word_1_51' title='bbox 2187 871 2403 933; x_wconf 84' lang='lat' dir='ltr'>sudore</span> <span class='ocrx_word' id='word_1_52' title='bbox 2430 874 2525 935; x_wconf 84' lang='lat' dir='ltr'>lu·</span> 
     </span>
     <span class='ocr_line' id='line_1_7' title="bbox 325 964 2525 1044; baseline 0.004 -20"><span class='ocrx_word' id='word_1_53' title='bbox 325 964 486 1025; x_wconf 88' lang='lat' dir='ltr'>brica</span> <span class='ocrx_word' id='word_1_54' title='bbox 523 974 764 1024; x_wconf 87' lang='lat' dir='ltr'>mutuas</span> <span class='ocrx_word' id='word_1_55' title='bbox 805 965 1156 1025; x_wconf 90' lang='lat' dir='ltr'>luctantium</span> <span class='ocrx_word' id='word_1_56' title='bbox 1202 966 1621 1044; x_wconf 87' lang='lat' dir='ltr'>prehensiones</span> <span class='ocrx_word' id='word_1_57' title='bbox 1662 968 2078 1029; x_wconf 84' lang='lat' dir='ltr'>admitterent:</span> <span class='ocrx_word' id='word_1_58' title='bbox 2122 969 2279 1030; x_wconf 89' lang='lat' dir='ltr'>unde</span> <span class='ocrx_word' id='word_1_59' title='bbox 2319 981 2525 1032; x_wconf 82' lang='lat' dir='ltr'>natam</span> 
     </span>
     <span class='ocr_line' id='line_1_8' title="bbox 326 1061 2526 1146; baseline 0.004 -26"><span class='ocrx_word' id='word_1_60' title='bbox 326 1061 722 1141; x_wconf 88' lang='lat' dir='ltr'>proverbium,</span> <span class='ocrx_word' id='word_1_61' title='bbox 757 1069 774 1096; x_wconf 87' lang='lat'>‘</span> <span class='ocrx_word' id='word_1_62' title='bbox 799 1061 946 1122; x_wconf 88' lang='lat' dir='ltr'>citra</span> <span class='ocrx_word' id='word_1_63' title='bbox 971 1064 1231 1143; x_wconf 79' lang='lat' dir='ltr'>pulveris</span> <span class='ocrx_word' id='word_1_64' title='bbox 1260 1065 1523 1138; x_wconf 86' lang='lat' dir='ltr'>tactum,&#39;</span> <span class='ocrx_word' id='word_1_65' title='bbox 1556 1065 1629 1125; x_wconf 90' lang='lat' dir='ltr'>de</span> <span class='ocrx_word' id='word_1_66' title='bbox 1658 1066 1751 1138; x_wconf 86' lang='lat' dir='ltr'>iis,</span> <span class='ocrx_word' id='word_1_67' title='bbox 1780 1066 1881 1144; x_wconf 89' lang='lat' dir='ltr'>qui</span> <span class='ocrx_word' id='word_1_68' title='bbox 1909 1066 2081 1126; x_wconf 82' lang='lat' dir='ltr'>facile</span> <span class='ocrx_word' id='word_1_69' title='bbox 2109 1067 2331 1146; x_wconf 83' lang='lat' dir='ltr'>aliq-uid</span> <span class='ocrx_word' id='word_1_70' title='bbox 2364 1087 2526 1128; x_wconf 69' lang='lat' dir='ltr'>asae-</span> 
     </span>
     <span class='ocr_line' id='line_1_9' title="bbox 328 1160 2526 1243; baseline 0.002 -23"><span class='ocrx_word' id='word_1_71' title='bbox 328 1160 445 1220; x_wconf 86' lang='lat' dir='ltr'>cuti</span> <span class='ocrx_word' id='word_1_72' title='bbox 492 1170 656 1231; x_wconf 87' lang='lat' dir='ltr'>sunt,</span> <span class='ocrx_word' id='word_1_73' title='bbox 700 1168 761 1219; x_wconf 87' lang='lat' dir='ltr'>et</span> <span class='ocrx_word' id='word_1_74' title='bbox 807 1161 955 1220; x_wconf 87' lang='lat' dir='ltr'>citra</span> <span class='ocrx_word' id='word_1_75' title='bbox 999 1161 1298 1233; x_wconf 85' lang='lat' dir='ltr'>sudorem,</span> <span class='ocrx_word' id='word_1_76' title='bbox 1341 1162 1504 1241; x_wconf 91' lang='lat' dir='ltr'>quod</span> <span class='ocrx_word' id='word_1_77' title='bbox 1544 1173 1605 1223; x_wconf 86' lang='lat' dir='ltr'>et</span> <span class='ocrx_word' id='word_1_78' title='bbox 1648 1163 1795 1224; x_wconf 88' lang='lat' dir='ltr'>citra</span> <span class='ocrx_word' id='word_1_79' title='bbox 1823 1163 2119 1243; x_wconf 85' lang='lat' dir='ltr'>pulverem</span> <span class='ocrx_word' id='word_1_80' title='bbox 2150 1163 2269 1223; x_wconf 87' lang='lat' dir='ltr'>dici</span> <span class='ocrx_word' id='word_1_81' title='bbox 2312 1173 2526 1242; x_wconf 78' lang='lat' dir='ltr'>potest.</span> 
     </span>
     <span class='ocr_line' id='line_1_10' title="bbox 330 1256 2529 1341; baseline 0.003 -27"><span class='ocrx_word' id='word_1_82' title='bbox 330 1256 478 1317; x_wconf 90' lang='lat' dir='ltr'>Eum</span> <span class='ocrx_word' id='word_1_83' title='bbox 523 1257 827 1338; x_wconf 79' lang='lat' dir='ltr'>pulverem</span> <span class='ocrx_word' id='word_1_84' title='bbox 858 1259 1055 1318; x_wconf 82' lang='lat' dir='ltr'>Graeci</span> <span class='ocrx_word' id='word_1_85' title='bbox 1102 1260 1298 1338; x_wconf 89' lang='lat' dir='ltr'>aphen</span> <span class='ocrx_word' id='word_1_86' title='bbox 1343 1259 1643 1321; x_wconf 90' lang='lat' dir='ltr'>dicebant.</span> <span class='ocrx_word' id='word_1_87' title='bbox 1728 1262 1890 1321; x_wconf 84' lang='lat' dir='ltr'>Inter</span> <span class='ocrx_word' id='word_1_88' title='bbox 1937 1263 2256 1323; x_wconf 87' lang='lat' dir='ltr'>luctatores</span> <span class='ocrx_word' id='word_1_89' title='bbox 2286 1261 2529 1341; x_wconf 80' lang='lat' dir='ltr'>quidam</span> 
     </span>
     <span class='ocr_line' id='line_1_11' title="bbox 329 1355 2528 1439; baseline 0.003 -25"><span class='ocrx_word' id='word_1_90' title='bbox 329 1357 576 1416; x_wconf 84' lang='lat' dir='ltr'>summis</span> <span class='ocrx_word' id='word_1_91' title='bbox 604 1356 757 1414; x_wconf 88' lang='lat' dir='ltr'>inter</span> <span class='ocrx_word' id='word_1_92' title='bbox 784 1375 850 1414; x_wconf 84' lang='lat' dir='ltr'>se</span> <span class='ocrx_word' id='word_1_93' title='bbox 881 1355 1151 1416; x_wconf 82' lang='lat' dir='ltr'>manibus</span> <span class='ocrx_word' id='word_1_94' title='bbox 1181 1357 1628 1436; x_wconf 77' lang='lat' dir='ltr'>depugnabant,</span> <span class='ocrx_word' id='word_1_95' title='bbox 1665 1358 1829 1418; x_wconf 81' lang='lat' dir='ltr'>nullo</span> <span class='ocrx_word' id='word_1_96' title='bbox 1856 1359 2488 1439; x_wconf 48' lang='lat' dir='ltr'>complexu‘heerentes</span> <span class='ocrx_word' id='word_1_97' title='bbox 2512 1379 2528 1419; x_wconf 88' lang='lat'>:</span> 
     </span>
     <span class='ocr_line' id='line_1_12' title="bbox 330 1452 2533 1533; baseline 0.001 -20"><span class='ocrx_word' id='word_1_98' title='bbox 330 1473 432 1513; x_wconf 84' lang='lat' dir='ltr'>eos</span> <span class='ocrx_word' id='word_1_99' title='bbox 462 1452 877 1533; x_wconf 83' lang='lat' dir='ltr'>acrochiristas</span> <span class='ocrx_word' id='word_1_100' title='bbox 900 1455 1194 1514; x_wconf 82' lang='lat' dir='ltr'>vocabant</span> <span class='ocrx_word' id='word_1_101' title='bbox 1217 1453 1433 1515; x_wconf 79' lang='lat' dir='ltr'>Graeci.</span> <span class='ocrx_word' id='word_1_102' title='bbox 1485 1455 1605 1514; x_wconf 92' lang='lat' dir='ltr'>Alii</span> <span class='ocrx_word' id='word_1_103' title='bbox 1625 1457 1881 1517; x_wconf 83' lang='lat' dir='ltr'>vicissim</span> <span class='ocrx_word' id='word_1_104' title='bbox 1911 1457 2195 1517; x_wconf 84' lang='lat' dir='ltr'>feriebant</span> <span class='ocrx_word' id='word_1_105' title='bbox 2218 1457 2533 1517; x_wconf 76' lang='lat' dir='ltr'>arrectaria</span> 
     </span>
     <span class='ocr_line' id='line_1_13' title="bbox 330 1549 2531 1630; baseline 0.001 -19"><span class='ocrx_word' id='word_1_106' title='bbox 330 1550 794 1623; x_wconf 84' lang='lat' dir='ltr'>concertatione,</span> <span class='ocrx_word' id='word_1_107' title='bbox 812 1549 945 1610; x_wconf 33' lang='lat' dir='ltr'>&#39;hoc</span> <span class='ocrx_word' id='word_1_108' title='bbox 972 1559 1084 1622; x_wconf 87' lang='lat' dir='ltr'>est,</span> <span class='ocrx_word' id='word_1_109' title='bbox 1115 1552 1346 1623; x_wconf 85' lang='lat' dir='ltr'>arrecti,</span> <span class='ocrx_word' id='word_1_110' title='bbox 1373 1561 1435 1611; x_wconf 90' lang='lat' dir='ltr'>et</span> <span class='ocrx_word' id='word_1_111' title='bbox 1462 1553 1702 1630; x_wconf 87' lang='lat' dir='ltr'>pulvere</span> <span class='ocrx_word' id='word_1_112' title='bbox 1732 1554 1930 1624; x_wconf 87' lang='lat' dir='ltr'>obsiti,</span> <span class='ocrx_word' id='word_1_113' title='bbox 1975 1554 2124 1613; x_wconf 86' lang='lat' dir='ltr'>alter</span> <span class='ocrx_word' id='word_1_114' title='bbox 2151 1553 2396 1613; x_wconf 88' lang='lat' dir='ltr'>alterum</span> <span class='ocrx_word' id='word_1_115' title='bbox 2423 1554 2531 1612; x_wconf 87' lang='lat' dir='ltr'>im-</span> 
     </span>
     <span class='ocr_line' id='line_1_14' title="bbox 329 1649 2531 1730; baseline 0.002 -22"><span class='ocrx_word' id='word_1_116' title='bbox 329 1650 612 1728; x_wconf 85' lang='lat' dir='ltr'>petebant</span> <span class='ocrx_word' id='word_1_117' title='bbox 639 1668 924 1728; x_wconf 88' lang='lat' dir='ltr'>procursu</span> <span class='ocrx_word' id='word_1_118' title='bbox 951 1649 1419 1728; x_wconf 83' lang='lat' dir='ltr'>calcitratuque:</span> <span class='ocrx_word' id='word_1_119' title='bbox 1451 1649 1713 1710; x_wconf 81' lang='lat' dir='ltr'>calcibus</span> <span class='ocrx_word' id='word_1_120' title='bbox 1743 1651 1922 1722; x_wconf 82' lang='lat' dir='ltr'>enim,</span> <span class='ocrx_word' id='word_1_121' title='bbox 1950 1652 2186 1723; x_wconf 88' lang='lat' dir='ltr'>cubitis,</span> <span class='ocrx_word' id='word_1_122' title='bbox 2212 1652 2531 1730; x_wconf 69' lang='lat' dir='ltr'>unguibuS,</span> 
     </span>
     <span class='ocr_line' id='line_1_15' title="bbox 331 1745 2535 1826; baseline 0.001 -22"><span class='ocrx_word' id='word_1_123' title='bbox 331 1764 451 1805; x_wconf 91' lang='lat' dir='ltr'>non</span> <span class='ocrx_word' id='word_1_124' title='bbox 464 1745 648 1805; x_wconf 88' lang='lat' dir='ltr'>modo</span> <span class='ocrx_word' id='word_1_125' title='bbox 663 1747 883 1826; x_wconf 80' lang='lat' dir='ltr'>pugnis</span> <span class='ocrx_word' id='word_1_126' title='bbox 894 1747 1231 1817; x_wconf 77' lang='lat' dir='ltr'>utebantur,</span> <span class='ocrx_word' id='word_1_127' title='bbox 1245 1746 1523 1825; x_wconf 87' lang='lat' dir='ltr'>omnique</span> <span class='ocrx_word' id='word_1_128' title='bbox 1540 1746 1859 1825; x_wconf 89' lang='lat' dir='ltr'>impetendi</span> <span class='ocrx_word' id='word_1_129' title='bbox 1876 1746 2395 1826; x_wconf 72' lang='lat' dir='ltr'>prehendendique</span> <span class='ocrx_word' id='word_1_130' title='bbox 2408 1767 2535 1807; x_wconf 69' lang='lat' dir='ltr'>mo-</span> 
     </span>
     <span class='ocr_line' id='line_1_16' title="bbox 333 1842 2536 1925; baseline 0.002 -25"><span class='ocrx_word' id='word_1_131' title='bbox 333 1842 442 1903; x_wconf 90' lang='lat' dir='ltr'>do:</span> <span class='ocrx_word' id='word_1_132' title='bbox 474 1845 896 1925; x_wconf 83' lang='lat' dir='ltr'>pancratiastae</span> <span class='ocrx_word' id='word_1_133' title='bbox 921 1844 1132 1915; x_wconf 87' lang='lat' dir='ltr'>vocati,</span> <span class='ocrx_word' id='word_1_134' title='bbox 1151 1852 1212 1903; x_wconf 90' lang='lat' dir='ltr'>et</span> <span class='ocrx_word' id='word_1_135' title='bbox 1232 1842 1579 1923; x_wconf 86' lang='lat' dir='ltr'>pancration</span> <span class='ocrx_word' id='word_1_136' title='bbox 1601 1842 1935 1922; x_wconf 85' lang='lat' dir='ltr'>hujusmodi</span> <span class='ocrx_word' id='word_1_137' title='bbox 1958 1844 2291 1905; x_wconf 79' lang='lat' dir='ltr'>certaminis</span> <span class='ocrx_word' id='word_1_138' title='bbox 2321 1864 2536 1924; x_wconf 67' lang='lat' dir='ltr'>genus,</span> 
     </span>
     <span class='ocr_line' id='line_1_17' title="bbox 334 1939 2536 2021; baseline 0.001 -21"><span class='ocrx_word' id='word_1_139' title='bbox 334 1961 408 2000; x_wconf 86' lang='lat' dir='ltr'>ex</span> <span class='ocrx_word' id='word_1_140' title='bbox 436 1961 510 2000; x_wconf 89' lang='lat' dir='ltr'>eo</span> <span class='ocrx_word' id='word_1_141' title='bbox 539 1941 703 2020; x_wconf 89' lang='lat' dir='ltr'>quod</span> <span class='ocrx_word' id='word_1_142' title='bbox 732 1941 1036 2001; x_wconf 87' lang='lat' dir='ltr'>advocatis</span> <span class='ocrx_word' id='word_1_143' title='bbox 1067 1941 1337 2000; x_wconf 89' lang='lat' dir='ltr'>omnibus</span> <span class='ocrx_word' id='word_1_144' title='bbox 1367 1941 1627 2020; x_wconf 85' lang='lat' dir='ltr'>corporis</span> <span class='ocrx_word' id='word_1_145' title='bbox 1656 1939 1897 2013; x_wconf 76' lang='lat' dir='ltr'>viribuS,</span> <span class='ocrx_word' id='word_1_146' title='bbox 1928 1940 2305 2021; x_wconf 81' lang='lat' dir='ltr'>omniumque</span> <span class='ocrx_word' id='word_1_147' title='bbox 2327 1959 2536 2002; x_wconf 72' lang='lat' dir='ltr'>nervo-</span> 
     </span>
     <span class='ocr_line' id='line_1_18' title="bbox 335 2039 2146 2117; baseline -0.001 -20"><span class='ocrx_word' id='word_1_148' title='bbox 335 2059 465 2097; x_wconf 85' lang='lat' dir='ltr'>rum</span> <span class='ocrx_word' id='word_1_149' title='bbox 496 2039 881 2098; x_wconf 86' lang='lat' dir='ltr'>contentione</span> <span class='ocrx_word' id='word_1_150' title='bbox 908 2040 1350 2117; x_wconf 83' lang='lat' dir='ltr'>transigeretur.</span> <span class='ocrx_word' id='word_1_151' title='bbox 2139 2090 2146 2095; x_wconf 81' lang='grc'>.</span> 
     </span>
    </p>

    <p class='ocr_par' dir='ltr' id='par_1_3' title="bbox 336 2136 2537 2411">
     <span class='ocr_line' id='line_1_19' title="bbox 420 2136 2537 2218; baseline 0 -24"><span class='ocrx_word' id='word_1_152' title='bbox 420 2136 540 2204; x_wconf 87' lang='lat' dir='ltr'>Qui</span> <span class='ocrx_word' id='word_1_153' title='bbox 570 2136 737 2196; x_wconf 89' lang='lat' dir='ltr'>disco</span> <span class='ocrx_word' id='word_1_154' title='bbox 768 2157 830 2196; x_wconf 85' lang='lat' dir='ltr'>se</span> <span class='ocrx_word' id='word_1_155' title='bbox 860 2139 1212 2196; x_wconf 86' lang='lat' dir='ltr'>exercebant</span> <span class='ocrx_word' id='word_1_156' title='bbox 1256 2137 1516 2210; x_wconf 78' lang='lat' dir='ltr'>athletae,</span> <span class='ocrx_word' id='word_1_157' title='bbox 1561 2137 1850 2199; x_wconf 86' lang='lat' dir='ltr'>discoboli</span> <span class='ocrx_word' id='word_1_158' title='bbox 1879 2138 2128 2211; x_wconf 77' lang='lat' dir='ltr'>GraeciS‚</span> <span class='ocrx_word' id='word_1_159' title='bbox 2158 2137 2537 2218; x_wconf 53' lang='lat' dir='ltr'>appellabanf</span> 
     </span>
     <span class='ocr_line' id='line_1_20' title="bbox 336 2233 2536 2315; baseline 0.002 -22"><span class='ocrx_word' id='word_1_160' title='bbox 336 2244 453 2306; x_wconf 85' lang='lat' dir='ltr'>tur,</span> <span class='ocrx_word' id='word_1_161' title='bbox 481 2235 600 2294; x_wconf 89' lang='lat' dir='ltr'>hoc</span> <span class='ocrx_word' id='word_1_162' title='bbox 627 2244 739 2305; x_wconf 90' lang='lat' dir='ltr'>est,</span> <span class='ocrx_word' id='word_1_163' title='bbox 787 2233 1018 2294; x_wconf 79' lang='lat' dir='ltr'>discum</span> <span class='ocrx_word' id='word_1_164' title='bbox 1065 2234 1124 2293; x_wconf 89' lang='lat' dir='ltr'>in</span> <span class='ocrx_word' id='word_1_165' title='bbox 1177 2235 1427 2296; x_wconf 88' lang='lat' dir='ltr'>sublime</span> <span class='ocrx_word' id='word_1_166' title='bbox 1462 2236 1821 2315; x_wconf 88' lang='lat' dir='ltr'>jaculantes.</span> <span class='ocrx_word' id='word_1_167' title='bbox 1907 2237 2049 2296; x_wconf 76' lang='lat' dir='ltr'>Erat</span> <span class='ocrx_word' id='word_1_168' title='bbox 2094 2247 2292 2297; x_wconf 87' lang='lat' dir='ltr'>autem</span> <span class='ocrx_word' id='word_1_169' title='bbox 2332 2237 2536 2297; x_wconf 85' lang='lat' dir='ltr'>discus</span> 
     </span>
     <span class='ocr_line' id='line_1_21' title="bbox 337 2331 1860 2411; baseline 0 -19"><span class='ocrx_word' id='word_1_170' title='bbox 337 2331 493 2411; x_wconf 87' lang='lat' dir='ltr'>lapis</span> <span class='ocrx_word' id='word_1_171' title='bbox 522 2331 813 2393; x_wconf 85' lang='lat' dir='ltr'>rotundus</span> <span class='ocrx_word' id='word_1_172' title='bbox 845 2350 914 2391; x_wconf 91' lang='lat' dir='ltr'>ac</span> <span class='ocrx_word' id='word_1_173' title='bbox 946 2341 1244 2410; x_wconf 73' lang='lat' dir='ltr'>pertusae,</span> <span class='ocrx_word' id='word_1_174' title='bbox 1271 2332 1466 2410; x_wconf 85' lang='lat' dir='ltr'>inquit</span> <span class='ocrx_word' id='word_1_175' title='bbox 1490 2332 1860 2392; x_wconf 77' lang='lat' dir='ltr'>Ammonius,</span> 
     </span>
    </p>

    <p class='ocr_par' dir='ltr' id='par_1_4' title="bbox 341 2428 2541 2606">
     <span class='ocr_line' id='line_1_22' title="bbox 423 2428 2540 2510; baseline 0.002 -24"><span class='ocrx_word' id='word_1_176' title='bbox 423 2428 758 2506; x_wconf 85' lang='lat' dir='ltr'>Pugilatus,</span> <span class='ocrx_word' id='word_1_177' title='bbox 789 2449 962 2507; x_wconf 88' lang='lat' dir='ltr'>quem</span> <span class='ocrx_word' id='word_1_178' title='bbox 992 2430 1186 2490; x_wconf 77' lang='lat' dir='ltr'>Graeci</span> <span class='ocrx_word' id='word_1_179' title='bbox 1217 2449 1476 2509; x_wconf 80' lang='lat' dir='ltr'>pygmea</span> <span class='ocrx_word' id='word_1_180' title='bbox 1504 2431 1906 2510; x_wconf 84' lang='lat' dir='ltr'>appellabant,</span> <span class='ocrx_word' id='word_1_181' title='bbox 1943 2431 2540 2491; x_wconf 67' lang='lat' dir='ltr'>cestibusexerceba-</span> 
     </span>
     <span class='ocr_line' id='line_1_23' title="bbox 341 2527 2541 2606; baseline -0 -19"><span class='ocrx_word' id='word_1_182' title='bbox 341 2538 461 2599; x_wconf 77' lang='lat' dir='ltr'>tur,</span> <span class='ocrx_word' id='word_1_183' title='bbox 491 2527 699 2606; x_wconf 84' lang='lat' dir='ltr'>quales</span> <span class='ocrx_word' id='word_1_184' title='bbox 731 2547 768 2587; x_wconf 89' lang='lat' dir='ltr'>a</span> <span class='ocrx_word' id='word_1_185' title='bbox 791 2527 1061 2606; x_wconf 81' lang='lat' dir='ltr'>Virgilio,</span> <span class='ocrx_word' id='word_1_186' title='bbox 1102 2528 1203 2587; x_wconf 88' lang='lat' dir='ltr'>lib.</span> <span class='ocrx_word' id='word_1_187' title='bbox 1238 2548 1299 2587; x_wconf 78' lang='lat' dir='ltr'>v,</span> <span class='ocrx_word' id='word_1_188' title='bbox 1331 2528 1776 2589; x_wconf 84' lang='lat' dir='ltr'>describuntur:</span> <span class='ocrx_word' id='word_1_189' title='bbox 1822 2530 1880 2587; x_wconf 92' lang='lat' dir='ltr'>in</span> <span class='ocrx_word' id='word_1_190' title='bbox 1925 2548 1998 2588; x_wconf 92' lang='lat' dir='ltr'>eo</span> <span class='ocrx_word' id='word_1_191' title='bbox 2041 2529 2143 2606; x_wconf 93' lang='lat' dir='ltr'>qui</span> <span class='ocrx_word' id='word_1_192' title='bbox 2186 2529 2541 2588; x_wconf 80' lang='lat' dir='ltr'>exerceban-</span> 
     </span>
    </p>
   </div>
   <div class='ocr_carea' id='block_1_3' title="bbox 241 2623 2545 2800">
    <p class='ocr_par' dir='ltr' id='par_1_5' title="bbox 241 2623 2545 2800">
     <span class='ocr_line' id='line_1_24' title="bbox 241 2623 2545 2705; baseline 0 -23"><span class='ocrx_word' id='word_1_193' title='bbox 241 2688 245 2692; x_wconf 46' lang='grc'><strong>,</strong></span> <span class='ocrx_word' id='word_1_194' title='bbox 341 2633 458 2696; x_wconf 89' lang='lat' dir='ltr'>tur,</span> <span class='ocrx_word' id='word_1_195' title='bbox 488 2623 722 2703; x_wconf 86' lang='lat' dir='ltr'>pugiles</span> <span class='ocrx_word' id='word_1_196' title='bbox 749 2623 994 2697; x_wconf 54' lang='lat' dir='ltr'>Latium,</span> <span class='ocrx_word' id='word_1_197' title='bbox 1024 2624 1249 2685; x_wconf 78' lang='lat' dir='ltr'>Graecis</span> <span class='ocrx_word' id='word_1_198' title='bbox 1279 2635 1475 2705; x_wconf 79' lang='lat' dir='ltr'>pyctae</span> <span class='ocrx_word' id='word_1_199' title='bbox 1507 2626 1652 2686; x_wconf 86' lang='lat' dir='ltr'>dicti</span> <span class='ocrx_word' id='word_1_200' title='bbox 1681 2637 1849 2686; x_wconf 86' lang='lat' dir='ltr'>sunt:</span> <span class='ocrx_word' id='word_1_201' title='bbox 1880 2625 2042 2704; x_wconf 92' lang='lat' dir='ltr'>quod</span> <span class='ocrx_word' id='word_1_202' title='bbox 2070 2644 2287 2683; x_wconf 90' lang='lat' dir='ltr'>nomen</span> <span class='ocrx_word' id='word_1_203' title='bbox 2312 2625 2388 2683; x_wconf 92' lang='lat' dir='ltr'>ad</span> <span class='ocrx_word' id='word_1_204' title='bbox 2420 2625 2545 2704; x_wconf 86' lang='lat' dir='ltr'>gal·</span> 
     </span>
     <span class='ocr_line' id='line_1_25' title="bbox 340 2720 1462 2800; baseline 0.003 -22"><span class='ocrx_word' id='word_1_205' title='bbox 340 2720 608 2781; x_wconf 78' lang='lat' dir='ltr'>linaceo‘s</span> <span class='ocrx_word' id='word_1_206' title='bbox 638 2733 941 2800; x_wconf 80' lang='lat' dir='ltr'>pugnaces</span> <span class='ocrx_word' id='word_1_207' title='bbox 970 2722 1322 2782; x_wconf 76' lang='lat' dir='ltr'>translatum</span> <span class='ocrx_word' id='word_1_208' title='bbox 1350 2733 1462 2781; x_wconf 89' lang='lat' dir='ltr'>est.</span> 
     </span>
    </p>
   </div>
   <div class='ocr_carea' id='block_1_4' title="bbox 345 2814 2558 3872">
    <p class='ocr_par' dir='ltr' id='par_1_6' title="bbox 345 2814 2558 3872">
     <span class='ocr_line' id='line_1_26' title="bbox 426 2814 2546 2898; baseline -0.001 -22"><span class='ocrx_word' id='word_1_209' title='bbox 426 2817 826 2878; x_wconf 83' lang='lat' dir='ltr'>Saltationurn</span> <span class='ocrx_word' id='word_1_210' title='bbox 854 2820 916 2877; x_wconf 86' lang='lat' dir='ltr'>in</span> <span class='ocrx_word' id='word_1_211' title='bbox 947 2819 1129 2881; x_wconf 86' lang='lat' dir='ltr'>Ludis</span> <span class='ocrx_word' id='word_1_212' title='bbox 1159 2818 1469 2898; x_wconf 84' lang='lat' dir='ltr'>Gymnicis</span> <span class='ocrx_word' id='word_1_213' title='bbox 1496 2818 1685 2877; x_wconf 86' lang='lat' dir='ltr'>multa</span> <span class='ocrx_word' id='word_1_214' title='bbox 1714 2833 1933 2897; x_wconf 86' lang='lat' dir='ltr'>genera</span> <span class='ocrx_word' id='word_1_215' title='bbox 1957 2816 2212 2887; x_wconf 85' lang='lat' dir='ltr'>fuerunt,</span> <span class='ocrx_word' id='word_1_216' title='bbox 2262 2814 2546 2894; x_wconf 75' lang='lat' dir='ltr'>quemad·</span> 
     </span>
     <span class='ocr_line' id='line_1_27' title="bbox 346 2912 2546 2993; baseline -0.001 -19"><span class='ocrx_word' id='word_1_217' title='bbox 346 2915 592 2976; x_wconf 85' lang='lat' dir='ltr'>modurn</span> <span class='ocrx_word' id='word_1_218' title='bbox 637 2916 814 2977; x_wconf 83' lang='lat' dir='ltr'>docet</span> <span class='ocrx_word' id='word_1_219' title='bbox 859 2917 1175 2979; x_wconf 75' lang='lat' dir='ltr'>LucianuS.</span> <span class='ocrx_word' id='word_1_220' title='bbox 1262 2917 1405 2976; x_wconf 88' lang='lat' dir='ltr'>Erat</span> <span class='ocrx_word' id='word_1_221' title='bbox 1445 2915 1600 2975; x_wconf 89' lang='lat' dir='ltr'>enim</span> <span class='ocrx_word' id='word_1_222' title='bbox 1632 2914 1866 2977; x_wconf 73' lang='lat' dir='ltr'>&#39;saltatio</span> <span class='ocrx_word' id='word_1_223' title='bbox 1891 2913 2225 2993; x_wconf 83' lang='lat' dir='ltr'>pyrrhicha‚</span> <span class='ocrx_word' id='word_1_224' title='bbox 2256 2933 2291 2973; x_wconf 93' lang='lat' dir='ltr'>a</span> <span class='ocrx_word' id='word_1_225' title='bbox 2320 2912 2546 2992; x_wconf 85' lang='lat' dir='ltr'>Pyrrho</span> 
     </span>
     <span class='ocr_line' id='line_1_28' title="bbox 345 3008 2547 3095; baseline -0.002 -24"><span class='ocrx_word' id='word_1_226' title='bbox 345 3013 609 3088; x_wconf 87' lang='lat' dir='ltr'>inventa,</span> <span class='ocrx_word' id='word_1_227' title='bbox 657 3033 694 3073; x_wconf 90' lang='lat' dir='ltr'>a</span> <span class='ocrx_word' id='word_1_228' title='bbox 721 3034 838 3093; x_wconf 91' lang='lat' dir='ltr'>qua</span> <span class='ocrx_word' id='word_1_229' title='bbox 865 3014 1247 3095; x_wconf 74' lang='lat' dir='ltr'>pyrrhicharii</span> <span class='ocrx_word' id='word_1_230' title='bbox 1274 3024 1335 3076; x_wconf 87' lang='lat' dir='ltr'>et</span> <span class='ocrx_word' id='word_1_231' title='bbox 1360 3013 1772 3094; x_wconf 82' lang='lat' dir='ltr'>pyrrhichistae</span> <span class='ocrx_word' id='word_1_232' title='bbox 1804 3013 1979 3072; x_wconf 86' lang='lat' dir='ltr'>dicti:</span> <span class='ocrx_word' id='word_1_233' title='bbox 2022 3031 2159 3090; x_wconf 82' lang='lat' dir='ltr'>quae</span> <span class='ocrx_word' id='word_1_234' title='bbox 2190 3010 2399 3070; x_wconf 87' lang='lat' dir='ltr'>eadem</span> <span class='ocrx_word' id='word_1_235' title='bbox 2427 3008 2547 3069; x_wconf 84' lang='lat' dir='ltr'>sal-</span> 
     </span>
     <span class='ocr_line' id='line_1_29' title="bbox 346 3104 2546 3191; baseline -0.004 -18"><span class='ocrx_word' id='word_1_236' title='bbox 346 3104 497 3173; x_wconf 75' lang='lat' dir='ltr'>tatio&#39;</span> <span class='ocrx_word' id='word_1_237' title='bbox 539 3112 798 3191; x_wconf 81' lang='lat' dir='ltr'>enoplia,</span> <span class='ocrx_word' id='word_1_238' title='bbox 841 3111 904 3171; x_wconf 91' lang='lat' dir='ltr'>id</span> <span class='ocrx_word' id='word_1_239' title='bbox 949 3124 1062 3181; x_wconf 87' lang='lat' dir='ltr'>est,</span> <span class='ocrx_word' id='word_1_240' title='bbox 1109 3121 1337 3170; x_wconf 85' lang='lat' dir='ltr'>armata</span> <span class='ocrx_word' id='word_1_241' title='bbox 1383 3110 1730 3170; x_wconf 81' lang='lat' dir='ltr'>dicebatur:</span> <span class='ocrx_word' id='word_1_242' title='bbox 1780 3108 1941 3188; x_wconf 89' lang='lat' dir='ltr'>quod</span> <span class='ocrx_word' id='word_1_243' title='bbox 1991 3107 2198 3167; x_wconf 77' lang='lat' dir='ltr'>armati</span> <span class='ocrx_word' id='word_1_244' title='bbox 2243 3106 2546 3168; x_wconf 76' lang='lat' dir='ltr'>saltarent.</span> 
     </span>
     <span class='ocr_line' id='line_1_30' title="bbox 350 3205 2546 3288; baseline -0.001 -22"><span class='ocrx_word' id='word_1_245' title='bbox 350 3208 496 3268; x_wconf 84' lang='lat' dir='ltr'>Erat</span> <span class='ocrx_word' id='word_1_246' title='bbox 522 3209 760 3271; x_wconf 84' lang='lat' dir='ltr'>saltatio</span> <span class='ocrx_word' id='word_1_247' title='bbox 790 3210 1027 3271; x_wconf 80' lang='lat' dir='ltr'>Cordax</span> <span class='ocrx_word' id='word_1_248' title='bbox 1053 3213 1354 3282; x_wconf 77' lang='lat' dir='ltr'>obscoena,</span> <span class='ocrx_word' id='word_1_249' title='bbox 1392 3220 1452 3269; x_wconf 90' lang='lat' dir='ltr'>et</span> <span class='ocrx_word' id='word_1_250' title='bbox 1480 3209 1748 3288; x_wconf 82' lang='lat' dir='ltr'>comica:</span> <span class='ocrx_word' id='word_1_251' title='bbox 1791 3217 1852 3268; x_wconf 90' lang='lat' dir='ltr'>et</span> <span class='ocrx_word' id='word_1_252' title='bbox 1878 3206 1995 3266; x_wconf 88' lang='lat' dir='ltr'>alia</span> <span class='ocrx_word' id='word_1_253' title='bbox 2023 3205 2260 3266; x_wconf 86' lang='lat' dir='ltr'>saltatio</span> <span class='ocrx_word' id='word_1_254' title='bbox 2290 3206 2546 3276; x_wconf 85' lang='lat' dir='ltr'>satirica,</span> 
     </span>
     <span class='ocr_line' id='line_1_31' title="bbox 350 3303 2554 3383; baseline -0.002 -20"><span class='ocrx_word' id='word_1_255' title='bbox 350 3325 489 3383; x_wconf 82' lang='lat' dir='ltr'>qnae</span> <span class='ocrx_word' id='word_1_256' title='bbox 534 3305 791 3365; x_wconf 87' lang='lat' dir='ltr'>Sicinnis</span> <span class='ocrx_word' id='word_1_257' title='bbox 841 3307 1168 3367; x_wconf 87' lang='lat' dir='ltr'>dicebatur.</span> <span class='ocrx_word' id='word_1_258' title='bbox 1252 3305 1390 3366; x_wconf 89' lang='lat' dir='ltr'>Fuit</span> <span class='ocrx_word' id='word_1_259' title='bbox 1438 3307 1576 3366; x_wconf 89' lang='lat' dir='ltr'>item</span> <span class='ocrx_word' id='word_1_260' title='bbox 1620 3303 1889 3364; x_wconf 85' lang='lat' dir='ltr'>emmelia</span> <span class='ocrx_word' id='word_1_261' title='bbox 1931 3303 2189 3375; x_wconf 87' lang='lat' dir='ltr'>saltatio,</span> <span class='ocrx_word' id='word_1_262' title='bbox 2233 3312 2448 3381; x_wconf 88' lang='lat' dir='ltr'>pacata</span> <span class='ocrx_word' id='word_1_263' title='bbox 2490 3312 2554 3360; x_wconf 73' lang='lat' dir='ltr'>et</span> 
     </span>
     <span class='ocr_line' id='line_1_32' title="bbox 351 3398 2556 3482; baseline -0.001 -21"><span class='ocrx_word' id='word_1_264' title='bbox 351 3401 629 3462; x_wconf 83' lang='lat' dir='ltr'>honesta.</span> <span class='ocrx_word' id='word_1_265' title='bbox 714 3403 831 3471; x_wconf 87' lang='lat' dir='ltr'>Qui</span> <span class='ocrx_word' id='word_1_266' title='bbox 859 3424 998 3464; x_wconf 79' lang='lat' dir='ltr'>vero</span> <span class='ocrx_word' id='word_1_267' title='bbox 1026 3404 1214 3464; x_wconf 84' lang='lat' dir='ltr'>saltus</span> <span class='ocrx_word' id='word_1_268' title='bbox 1244 3403 1591 3482; x_wconf 86' lang='lat' dir='ltr'>pernicitate</span> <span class='ocrx_word' id='word_1_269' title='bbox 1618 3401 2062 3461; x_wconf 86' lang='lat' dir='ltr'>contendebant</span> <span class='ocrx_word' id='word_1_270' title='bbox 2104 3401 2163 3459; x_wconf 84' lang='lat' dir='ltr'>in</span> <span class='ocrx_word' id='word_1_271' title='bbox 2206 3398 2556 3479; x_wconf 79' lang='lat' dir='ltr'>gymnasiis,</span> 
     </span>
     <span class='ocr_line' id='line_1_33' title="bbox 351 3497 2553 3579; baseline -0.001 -21"><span class='ocrx_word' id='word_1_272' title='bbox 351 3499 561 3561; x_wconf 84' lang='lat' dir='ltr'>baltici</span> <span class='ocrx_word' id='word_1_273' title='bbox 588 3500 882 3562; x_wconf 53' lang='lat' dir='ltr'>afflraecis</span> <span class='ocrx_word' id='word_1_274' title='bbox 910 3501 1288 3568; x_wconf 75' lang='lat' dir='ltr'>dicebantur-3</span> <span class='ocrx_word' id='word_1_275' title='bbox 1333 3499 1435 3579; x_wconf 85' lang='lat' dir='ltr'>qui</span> <span class='ocrx_word' id='word_1_276' title='bbox 1464 3509 1662 3559; x_wconf 80' lang='lat' dir='ltr'>autem</span> <span class='ocrx_word' id='word_1_277' title='bbox 1690 3499 1967 3570; x_wconf 82' lang='lat' dir='ltr'>halmate,</span> <span class='ocrx_word' id='word_1_278' title='bbox 2009 3498 2076 3558; x_wconf 88' lang='lat' dir='ltr'>id</span> <span class='ocrx_word' id='word_1_279' title='bbox 2101 3508 2213 3567; x_wconf 88' lang='lat' dir='ltr'>est,</span> <span class='ocrx_word' id='word_1_280' title='bbox 2243 3497 2397 3556; x_wconf 83' lang='lat' dir='ltr'>saltu</span> <span class='ocrx_word' id='word_1_281' title='bbox 2426 3508 2553 3556; x_wconf 79' lang='lat' dir='ltr'>cer·</span> 
     </span>
     <span class='ocr_line' id='line_1_34' title="bbox 354 3596 2558 3678; baseline -0.002 -22"><span class='ocrx_word' id='word_1_282' title='bbox 354 3598 586 3668; x_wconf 85' lang='lat' dir='ltr'>tabant,</span> <span class='ocrx_word' id='word_1_283' title='bbox 629 3597 789 3676; x_wconf 90' lang='lat' dir='ltr'>apud</span> <span class='ocrx_word' id='word_1_284' title='bbox 831 3600 1111 3678; x_wconf 85' lang='lat' dir='ltr'>antiquos</span> <span class='ocrx_word' id='word_1_285' title='bbox 1158 3601 1477 3660; x_wconf 89' lang='lat' dir='ltr'>utebantur</span> <span class='ocrx_word' id='word_1_286' title='bbox 1516 3597 1881 3657; x_wconf 87' lang='lat' dir='ltr'>halteribus:</span> <span class='ocrx_word' id='word_1_287' title='bbox 1926 3597 2014 3657; x_wconf 88' lang='lat' dir='ltr'>sic</span> <span class='ocrx_word' id='word_1_288' title='bbox 2057 3597 2214 3655; x_wconf 86' lang='lat' dir='ltr'>enim</span> <span class='ocrx_word' id='word_1_289' title='bbox 2260 3596 2558 3654; x_wconf 79' lang='lat' dir='ltr'>vocabant</span> 
     </span>
     <span class='ocr_line' id='line_1_35' title="bbox 355 3691 2555 3776; baseline -0.004 -20"><span class='ocrx_word' id='word_1_290' title='bbox 355 3696 666 3776; x_wconf 82' lang='lat' dir='ltr'>plumbeas</span> <span class='ocrx_word' id='word_1_291' title='bbox 709 3696 882 3776; x_wconf 85' lang='lat' dir='ltr'>pilas,</span> <span class='ocrx_word' id='word_1_292' title='bbox 922 3698 1312 3770; x_wconf 78' lang='lat' dir='ltr'>massulasve,</span> <span class='ocrx_word' id='word_1_293' title='bbox 1356 3695 1570 3776; x_wconf 85' lang='lat' dir='ltr'>quibus</span> <span class='ocrx_word' id='word_1_294' title='bbox 1613 3706 1860 3774; x_wconf 89' lang='lat' dir='ltr'>utraque</span> <span class='ocrx_word' id='word_1_295' title='bbox 1905 3696 2081 3754; x_wconf 86' lang='lat' dir='ltr'>manu</span> <span class='ocrx_word' id='word_1_296' title='bbox 2132 3711 2196 3751; x_wconf 83' lang='lat' dir='ltr'>se</span> <span class='ocrx_word' id='word_1_297' title='bbox 2235 3691 2555 3759; x_wconf 81' lang='lat' dir='ltr'>librabant,</span> 
     </span>
     <span class='ocr_line' id='line_1_36' title="bbox 357 3787 2555 3872; baseline -0.003 -20"><span class='ocrx_word' id='word_1_298' title='bbox 357 3803 428 3852; x_wconf 84' lang='lat' dir='ltr'>ut</span> <span class='ocrx_word' id='word_1_299' title='bbox 453 3794 672 3854; x_wconf 85' lang='lat' dir='ltr'>certius</span> <span class='ocrx_word' id='word_1_300' title='bbox 701 3793 1015 3855; x_wconf 70' lang='lat' dir='ltr'>assilirent.</span> <span class='ocrx_word' id='word_1_301' title='bbox 1102 3793 1486 3854; x_wconf 85' lang='lat' dir='ltr'>Chironomia</span> <span class='ocrx_word' id='word_1_302' title='bbox 1512 3812 1750 3872; x_wconf 77' lang='lat' dir='ltr'>quoque</span> <span class='ocrx_word' id='word_1_303' title='bbox 1779 3800 1904 3851; x_wconf 88' lang='lat' dir='ltr'>erat</span> <span class='ocrx_word' id='word_1_304' title='bbox 1946 3788 2183 3850; x_wconf 84' lang='lat' dir='ltr'>saltatio</span> <span class='ocrx_word' id='word_1_305' title='bbox 2234 3787 2555 3867; x_wconf 79' lang='lat' dir='ltr'>gesticula-</span> 
     </span>
    </p>
   </div>
   <div class='ocr_carea' id='block_1_5' title="bbox 358 3884 2556 4068">
    <p class='ocr_par' dir='ltr' id='par_1_7' title="bbox 358 3884 2556 4068">
     <span class='ocr_line' id='line_1_37' title="bbox 358 3884 2556 3972; baseline -0.002 -24"><span class='ocrx_word' id='word_1_306' title='bbox 358 3891 495 3964; x_wconf 85' lang='lat' dir='ltr'>trix,</span> <span class='ocrx_word' id='word_1_307' title='bbox 526 3890 720 3971; x_wconf 83' lang='lat' dir='ltr'>qualis</span> <span class='ocrx_word' id='word_1_308' title='bbox 749 3902 861 3963; x_wconf 83' lang='lat' dir='ltr'>est,</span> <span class='ocrx_word' id='word_1_309' title='bbox 889 3912 1067 3972; x_wconf 86' lang='lat' dir='ltr'>quam</span> <span class='ocrx_word' id='word_1_310' title='bbox 1097 3892 1429 3953; x_wconf 75' lang='lat' dir='ltr'>Maur-icam</span> <span class='ocrx_word' id='word_1_311' title='bbox 1451 3908 1769 3952; x_wconf 81' lang='lat' dir='ltr'>vocamus:</span> <span class='ocrx_word' id='word_1_312' title='bbox 1813 3888 1973 3948; x_wconf 87' lang='lat' dir='ltr'>unde</span> <span class='ocrx_word' id='word_1_313' title='bbox 2001 3885 2324 3947; x_wconf 82' lang='lat' dir='ltr'>chironomi</span> <span class='ocrx_word' id='word_1_314' title='bbox 2351 3884 2556 3965; x_wconf 84' lang='lat' dir='ltr'>hujus‘·</span> 
     </span>
     <span class='ocr_line' id='line_1_38' title="bbox 361 3985 1192 4068; baseline 0 -21"><span class='ocrx_word' id='word_1_315' title='bbox 361 3985 523 4048; x_wconf 83' lang='lat' dir='ltr'>modi</span> <span class='ocrx_word' id='word_1_316' title='bbox 552 3989 1003 4068; x_wconf 61' lang='lat' dir='ltr'>gesticulatus-es</span> <span class='ocrx_word' id='word_1_317' title='bbox 1029 3988 1192 4050; x_wconf 84' lang='lat' dir='ltr'>dicti.</span> 
     </span>
    </p>
   </div>
   <div class='ocr_carea' id='block_1_6' title="bbox 367 4079 2560 4263">
    <p class='ocr_par' dir='ltr' id='par_1_8' title="bbox 367 4079 2560 4263">
     <span class='ocr_line' id='line_1_39' title="bbox 447 4079 2558 4161; baseline -0.005 -16"><span class='ocrx_word' id='word_1_318' title='bbox 447 4086 763 4146; x_wconf 77' lang='lat' dir='ltr'>Circenses</span> <span class='ocrx_word' id='word_1_319' title='bbox 791 4086 941 4146; x_wconf 68' lang='lat' dir='ltr'>Ludi</span> <span class='ocrx_word' id='word_1_320' title='bbox 965 4087 1290 4147; x_wconf 80' lang='lat' dir='ltr'>certamina</span> <span class='ocrx_word' id='word_1_321' title='bbox 1325 4096 1495 4146; x_wconf 81' lang='lat' dir='ltr'>erant</span> <span class='ocrx_word' id='word_1_322' title='bbox 1535 4081 1780 4155; x_wconf 84' lang='lat' dir='ltr'>curulia,</span> <span class='ocrx_word' id='word_1_323' title='bbox 1831 4101 1966 4161; x_wconf 80' lang='lat' dir='ltr'>quae</span> <span class='ocrx_word' id='word_1_324' title='bbox 2013 4082 2073 4140; x_wconf 88' lang='lat' dir='ltr'>in</span> <span class='ocrx_word' id='word_1_325' title='bbox 2118 4080 2275 4141; x_wconf 84' lang='lat' dir='ltr'>circo</span> <span class='ocrx_word' id='word_1_326' title='bbox 2293 4079 2558 4140; x_wconf 71' lang='lat' dir='ltr'>fiebant:</span> 
     </span>
     <span class='ocr_line' id='line_1_40' title="bbox 367 4174 2560 4263; baseline -0.007 -15"><span class='ocrx_word' id='word_1_327' title='bbox 367 4182 473 4261; x_wconf 75' lang='lat' dir='ltr'>qui</span> <span class='ocrx_word' id='word_1_328' title='bbox 497 4183 666 4245; x_wconf 78' lang='lat' dir='ltr'>locus</span> <span class='ocrx_word' id='word_1_329' title='bbox 696 4193 825 4245; x_wconf 78' lang='lat' dir='ltr'>erat</span> <span class='ocrx_word' id='word_1_330' title='bbox 851 4193 1029 4244; x_wconf 77' lang='lat' dir='ltr'>ovata</span> <span class='ocrx_word' id='word_1_331' title='bbox 1062 4185 1259 4263; x_wconf 84' lang='lat' dir='ltr'>specie</span> <span class='ocrx_word' id='word_1_332' title='bbox 1302 4190 1701 4253; x_wconf 69' lang='lat' dir='ltr'>constructus,</span> <span class='ocrx_word' id='word_1_333' title='bbox 1746 4178 2165 4258; x_wconf 78' lang='lat' dir='ltr'>undecumque</span> <span class='ocrx_word' id='word_1_334' title='bbox 2206 4174 2560 4257; x_wconf 63' lang='lat' dir='ltr'>spectaculis</span> 
     </span>
    </p>
   </div>
  </div>
 </body>
</html>
