3050 4942
520 349 650 423 172
1118 366 1552 419 Jvonmus
1596 340 2095 419 carissumus

762 508 1054 586 Exclusit,
1081 520 1337 586 revocat,
1363 511 1649 573 redeam?
1687 531 1805 574 non
1837 513 1888 574 si
1916 533 2009 573 me
2038 514 2322 574 obsecret.

520 644 638 713 Qui
664 663 890 719 versus,
916 643 964 704 si
992 642 1282 724 producas
1310 642 1716 725 penultimam,
1742 643 1854 705 erit
1880 642 2208 724 dactylicus
2240 640 2618 707 σπονδαΐέων.

756 773 899 833 Tres
926 792 1102 833 unam
1129 782 1375 854 pereunt
1403 772 1811 835 adolescentes
1840 771 2177 834 mulierem:
2478 757 2481 760 ¹

518 902 702 963 Totus
749 901 1101 983 dactylicus,
1141 912 1354 983 praeter
1394 903 1667 965 ultimum
1714 904 1992 964 iambum.
2097 902 2231 962 Hoc
2281 920 2468 982 genus
2514 908 2574 961 et
2623 899 2703 959 ad

518 999 849 1061 octonarios
876 999 1220 1080 producitur
1246 1021 1285 1061 a
1313 999 1595 1076 Cornicis,
1643 1000 1745 1081 qui
1788 1010 1927 1060 sunt
1955 1000 2346 1081 τετράμετροιι
2388 1018 2424 1058 a
2474 997 2701 1057 Latinis

518 1097 694 1156 etiam
722 1096 992 1176 quadrati
1019 1107 1322 1159 vocantur.
1358 1128 1364 1134 ⁴
1403 1098 1607 1160 Habet
1654 1097 1815 1179 apud
1862 1096 2105 1160 eosdem
2155 1105 2218 1156 et
2259 1089 2575 1168 κατάληξιν,
2620 1094 2706 1153 ita

518 1201 588 1253 ut
614 1192 691 1253 ad
721 1194 1015 1254 senarium
1041 1194 1280 1257 additus
1310 1196 1786 1277 amphibrachys,
1812 1195 1876 1256 id
1903 1204 2016 1268 est,
2042 1193 2273 1275 syllaba
2298 1191 2492 1252 brevis
2519 1190 2706 1268 longa

516 1291 757 1353 brevis:
800 1301 906 1352 aut
948 1293 1251 1370 bacchius,
1295 1294 1357 1355 id
1403 1304 1514 1370 est,
1564 1294 1796 1376 syllaba
1821 1292 2025 1354 brevis.
2040 1291 2251 1371 longa,
2289 1288 2522 1367 (ultima
2547 1286 2705 1348 enim

520 1385 747 1467 syllaba
772 1389 961 1451 omnis
988 1410 1192 1452 versus
1220 1400 1314 1453 est
1338 1390 1725 1468 indifferens,)
1750 1390 1865 1452 hoc
1891 1407 2168 1449 numeros
2194 1385 2496 1467 perficiat:

759 1517 914 1579 Nam
942 1518 993 1578 si
1020 1521 1317 1581 remittant
1340 1519 1644 1602 quippiam
1671 1519 2077 1609 Philumenam
2101 1537 2118 1578 ε

515 1643 614 1707 hic
655 1655 748 1708 est
789 1654 1086 1729 τρίμετροσ.
1163 1648 1478 1711 Addantur
1504 1649 1625 1710 illae
1654 1661 1772 1711 tres
1802 1648 2069 1730 syllabae,
2122 1653 2138 1682 ‘
2163 1642 2439 1718 dolores,'
2476 1652 2545 1712 et
2592 1644 2708 1704 erit

508 1742 635 1822 jam
661 1746 1016 1825 τετράμετροε
1039 1750 1446 1821 καταληπτικός.
1504 1746 1660 1806 Nam
1687 1747 1747 1806 in
1773 1746 1889 1806 hoc
1918 1764 2132 1827 genere
2159 1743 2256 1803 alii
2285 1741 2490 1823 pedeS,
2518 1758 2703 1820 quam

515 1859 697 1923 supra
718 1844 1042 1917 memorati,
1082 1864 1204 1905 non
1251 1844 1648 1905 nominantur.
1731 1842 1855 1904 Sed
1894 1862 2085 1923 neque
2114 1849 2423 1913 servarunt
2445 1838 2584 1909 hoc,
2633 1846 2706 1896 ut

516 1947 654 1998 ante
682 1941 978 2013 κατάληξιν
1006 1959 1234 2020 semper
1262 1951 1420 2002 esset
1444 1942 1712 2001 iambus:
1756 1959 1950 2020 neque
1979 1958 2099 1999 non
2126 1956 2233 2020 pro
2263 1935 2493 2016 syllaba
2518 1934 2704 2014 longa

516 2033 866 2097 catalectica
894 2056 1053 2116 saepe
1081 2037 1233 2098 duas
1254 2039 1462 2101 breves
1489 2048 1855 2120 posuerunt:

527 2243 534 2254 .
711 2243 720 2252 ι
757 2147 1007 2256 AEdepol
1034 2168 1460 2254 lenonem-meo
1487 2170 1706 2243 animo,
1734 2167 1970 2241 novisti,
2000 2166 2187 2226 Lusce
2212 2161 2427 2245 lepide.

517 2289 674 2353 Ante
699 2296 999 2371 κατάληξιν
1020 2297 1325 2379 τρίβραχυς
1350 2307 1444 2360 est
1465 2319 1480 2360 2

757 2424 1037 2486 Tacuisse
1061 2426 1387 2503 mavellem,
1413 2426 1574 2487 haud
1603 2426 1758 2487 male
1786 2424 2070 2486 meditate
2098 2421 2248 2482 male
2278 2419 2538 2481 dicaces·

518 2549 673 2612 Ante
702 2553 1001 2630 κατάληξιν
1026 2565 1119 2616 est
1145 2556 1506 2638 spondaeus:
1598 2637 1603 2642 Ι
1950 2543 1956 2549 ’
2072 2520 2079 2528 ⁶

755 2682 918 2745 Bene
942 2704 1054 2765 ego
1077 2686 1249 2747 istam
1278 2687 1454 2749 eduxi
1482 2707 1631 2749 meoe
1660 2684 1840 2759 domi,
1869 2694 1929 2745 et
1952 2680 2351 2764 pudice.—

944 2781 1008 2841 Si
1036 2781 1212 2863 hujus
1242 2784 1498 2845 miseret.

514 2908 672 2970 Ante
698 2911 997 2983 κατάληξιν
1019 2921 1113 2972 est
1141 2912 1414 2990 dactylus
1438 2932 1454 2973 Ξ

754 3037 1193 3116 Nunquamme
1223 3058 1419 3101 orares
1447 3041 1589 3121 quin
1619 3040 1821 3124 darem
1847 3060 1863 3100 z
1905 3057 2064 3098 nunc
2104 3035 2271 3096 illum
2299 3041 2356 3093 te
2383 3048 2548 3091 orare
2577 3048 2700 3090 me-

909 3132 1025 3193 lius
1054 3146 1167 3195 est.

509 3264 532 3296 ³
556 3260 693 3322 Lius
722 3271 816 3322 est
834 3259 850 3287 '
877 3262 937 3323 in
967 3283 1145 3324 unam
1173 3265 1461 3346 syllabam
1486 3274 1898 3328 concrescunt.
1983 3262 2063 3322 Hi
2091 3279 2296 3321 versus
2324 3247 2699 3337 appellantur

511 3356 909 3438 hipponactei,
959 3360 1033 3420 ab
1076 3372 1335 3435 auctore,
1364 3374 1424 3422 et
1450 3363 1654 3423 Latine
1683 3360 2038 3444 septenarii:
2081 3368 2208 3418 tum
2237 3354 2411 3425 enim,
2441 3349 2699 3410 Priscia-

512 3472 628 3514 nus
654 3454 755 3527 ait,
784 3456 1106 3517 Varronem
1134 3458 1462 3539 scripsisse,
1501 3460 1626 3519 fieri
1668 3456 2083 3539 septenarium,
2131 3472 2264 3513 cum
2292 3450 2369 3510 ad
2400 3445 2697 3509 senarium

509 3548 822 3611 iambicum
848 3552 1185 3633 trisyllabus
1212 3574 1318 3634 pes
1347 3553 1623 3629 addatur,
1649 3554 1764 3616 hoc
1790 3552 1967 3615 modo
1993 3571 2009 3612 ε

735 3689 911 3783 ‘Quid
938 3691 1373 3782 immerentibus
1402 3692 1624 3785 noces?
1664 3691 1809 3774 quid
1837 3688 2066 3751 invides
2095 3684 2345 3749 amicis?

511 3828 675 3888 Talia
702 3839 843 3889 sunt
869 3829 1301 3912 Aristophanea
1325 3833 1386 3892 in
1413 3833 1611 3906 Pluto,
1638 3851 1887 3912 quorum
1914 3830 2162 3911 primum
2191 3827 2303 3886 hoc
2330 3843 2345 3881 ε

726 3954 816 4016 ’Ὦ
840 3964 1030 4020 πολλὰ
1057 3959 1126 4032 δὴ
1154 3965 1227 4042 τῷ
1256 3960 1497 4046 δεσπότῃ
1523 3960 1726 4020 ταύτὸν
1751 3964 1925 4040 θύμον
1951 3960 2247 4039 φαγόντες.

507 4096 892 4158 Trochaieum
922 4118 1158 4161 carmen
1200 4111 1295 4161 est
1331 4101 1646 4161 iambicum
1696 4107 2158 4161 commutatum:
2200 4086 2495 4152 trochaeus
2524 4105 2562 4146 a
2588 4104 2692 4145 vo·

503 4188 795 4254 lubilitate
823 4202 883 4253 et
909 4194 1132 4256 ratione
1160 4215 1372 4257 nomen
1401 4197 1599 4270 habet,
1641 4196 1969 4259 contrarius
2006 4212 2110 4275 pes
2139 4188 2356 4264 iamb0,
2405 4191 2690 4245 constans
