3050 4942
884 404 1245 455 NOM1NUM
1294 397 1739 463 comaclum
1790 415 2044 467 nArro.
2377 409 2518 475 ‘105

324 539 533 603 damus
563 543 924 609 testimonia.
1008 550 1280 611 Donatus
1309 550 1369 610 in
1397 552 1726 634 Adelphos,
1771 558 2046 634 Nomina,
2071 561 2282 642 inquit,
2313 583 2516 644 perso-

321 657 526 698 narum
553 638 614 698 in
646 641 968 704 Comoediis
995 645 1211 707 habere
1238 647 1459 710 debent
1485 651 1773 740 rationem
1800 664 1861 715 et
1887 656 2324 738 etymologiam.
2411 662 2515 722 Et-

320 735 474 794 enim
502 737 827 800 absurdum
855 750 949 803 est
970 742 1275 806 Comicum
1304 758 1504 825 aperte
1535 755 1882 829 argumenta
1902 755 2262 835 confingere,
2285 756 2380 817 vel
2408 777 2515 818 no-

317 851 447 892 men
478 852 752 913 personae
780 837 1170 919 incongruum
1199 842 1364 915 dare,
1416 845 1507 905 vel
1553 846 1807 907 officium
1854 850 2016 929 quod
2061 851 2137 910 sit
2190 872 2228 911 a
2279 855 2515 915 nomine

314 927 634 992 diversum.
722 933 875 994 Hinc
903 943 1106 998 servus
1135 938 1345 1012 fidelis,
1377 937 1705 1005 Parmeno:
1749 944 2022 1021 infidelis,
2061 949 2156 1008 vel
2186 952 2390 1031 Syrus,
2418 952 2513 1020 vel

317 1024 514 1088 Geta:
557 1028 727 1091 miles
755 1030 1002 1106 Thraso,
1039 1034 1133 1095 vel
1175 1035 1502 1099 Polemon:
1539 1040 1774 1120 juvenis
1818 1043 2203 1123 Pamphilus:
2244 1058 2514 1108 matrona

315 1121 663 1203 Myrrhina:
707 1136 768 1187 et
792 1148 958 1208 puer,
981 1141 1043 1191 et
1069 1134 1146 1192 ab
1174 1132 1356 1195 odore
1385 1136 1598 1197 Storax
1622 1159 1637 1199 :
1680 1150 1741 1199 et
1769 1158 1805 1199 a
1827 1139 1992 1214 ludo,
2037 1151 2098 1202 et
2125 1162 2161 1203 a
2189 1144 2512 1223 gesticula-

311 1220 471 1282 tione
501 1220 712 1283 Circus
736 1245 752 1285 :
781 1235 842 1285 et
866 1226 1004 1288 item
1035 1228 1265 1305 similia,
1293 1232 1354 1292 in
1385 1235 1599 1313 quibus
1629 1255 1918 1296 summum
1944 1241 2138 1317 poetae
2163 1242 2364 1302 vitium
2395 1254 2509 1314 est,

313 1316 547 1397 siquid
589 1339 623 1380 e
650 1322 943 1385 contrario
972 1333 1310 1407 repugnans
1340 1333 2137 1417 contrarium·diversumque
2164 1338 2511 1418 protulerit:

310 1412 424 1473 nisi
451 1434 560 1495 per
578 1417 958 1498 Antiphrasin
981 1443 1196 1484 nomen
1223 1426 1567 1506 imposuerit
1584 1430 1950 1509 joculariter:
1980 1441 2048 1492 ut
2075 1434 2511 1515 Misargyrides

309 1508 369 1568 in
411 1509 632 1574 Plauto
660 1514 871 1577 dicitur
900 1519 1201 1599 trapezita.
1290 1522 1367 1582 Et
1393 1523 1511 1584 fere
1540 1524 1654 1586 hoc
1681 1526 1858 1587 modo
1887 1529 2220 1608 apud-alios
2251 1552 2288 1591 a
2312 1533 2506 1611 poetis

311 1605 1012 1693 nomina'componuntur
1040 1616 1430 1680 describenda
1463 1640 1568 1700 per
1594 1622 2003 1702 Antiphrasin,
2047 1627 2208 1706 quod
2237 1626 2515 1707 designat

304 1701 553 1768 Stoma
956 1779 960 1782 ¹
1429 1773 1438 1778 .

388 1801 561 1864 Idem
586 1801 646 1866 in
676 1808 979 1882 Andriam,
1009 1812 1271 1894 Semper,
1302 1815 1513 1897 inquit,
1543 1816 1784 1878 nomina
1804 1818 2177 1881 Comicorum
2207 1840 2509 1883 servorum

314 1907 419 1960 aut
447 1920 486 1961 a
512 1903 849 1967 nationibus
881 1919 1020 1970 sunt
1045 1909 1272 1973 indita:
1315 1925 1382 1976 ut
1424 1913 1641 1995 Mysis,
1692 1915 1910 1996 Syrus:
1938 1925 2059 1976 aut
2084 1935 2159 1976 ex
2187 1918 2512 1990 accidenti-

310 1996 443 2072 bus,
465 2008 536 2059 ut
562 2000 793 2075 Lesbia,
821 2006 982 2066 velut
1009 2008 1323 2083 ebriosa,‘a
1351 2011 1543 2072 Lesbo
1569 2011 1784 2086 insula,
1807 2031 1944 2092 quoe
1960 2021 2071 2073 *est
2086 2013 2249 2074 ferax
2277 2016 2506 2077 suavis·

267 2116 271 2119 ⁴
310 2092 440 2155 simi
468 2098 994 2182 candidissimique
1020 2104 1182 2166 vini:
1226 2118 1332 2170 aut
1355 2129 1395 2170 a
1420 2108 1771 2181 vernilitate,
1799 2118 1866 2170 ut
1893 2108 2265 2172 Pseudulus:
2305 2123 2407 2173 aut
2433 2134 2509 2175 ex

311 2193 571 2271 negotio,
619 2205 688 2255 ut
727 2198 1097 2279 Chrysalus:
1140 2213 1242 2264 aut
1291 2225 1367 2267 ex
1414 2207 1700 2289 qualitate
1741 2207 2025 2288 corporis,
2056 2217 2140 2267 ut
2167 2208 2507 2289 belacus:

310 2299 412 2349 aut
439 2310 517 2350 ex
545 2292 743 2371 specie
772 2295 996 2373 formae,
1024 2310 1093 2360 ut
1120 2300 1448 2366 Pinacium.

387 2386 605 2448 Strabo
633 2389 778 2451 libro
808 2394 1099 2473 septimo:
1143 2395 1282 2459 Fuit
1307 2410 1368 2461 et
1394 2399 1514 2461 alia
1538 2402 1790 2481 regionis
1839 2401 2070 2476 divisio,
2105 2424 2192 2464 cx
2230 2404 2494 2485 'antiquis

307 2491 660 2561 permanens
688 2491 1070 2570 temporibus,
1150 2493 1317 2556 Alios
1345 2497 1501 2559 enim
1528 2498 1753 2571 Dacos,
1783 2499 1929 2559 alios
1957 2499 2144 2562 Getas
2173 2501 2500 2580 appellant.

311 2578 496 2657 Getas
525 2585 786 2663 quidem,
833 2590 936 2669 qui
979 2590 1057 2649 ad
1105 2591 1361 2654 Pontum
1401 2596 1465 2654 in
1495 2595 1801 2656 Orientem
1824 2606 2120 2675 vergunt:
2165 2597 2502 2659 Dacos'au-

308 2684 445 2751 tem,
483 2682 586 2759 qui
614 2683 671 2742 in
701 2688 1038 2764 oppositum
1065 2709 1269 2751 versus
1297 2692 1695 2764 Germaniam,
1726 2703 1788 2752 et
1814 2692 1892 2753 ‘ad
1923 2693 2062 2753 Istri·
2088 2693 2303 2766 fontes,
2348 2714 2499 2770 quos

295 2774 444 2836 -olim
470 2777 677 2839 Davos
705 2792 948 2843 vocatos
987 2804 1120 2845 esse
1163 2805 1316 2846 reor.
1399 2788 1490 2847 Ex
1516 2807 1635 2867 quo
1666 2786 1828 2867 apud
1857 2786 2250 2849 Athenienses
2296 2789 2504 2850 Davo-

296 2863 429 2933 -rurh
457 2883 524 2932 et
551 2874 836 2938 Getarum
862 2881 1100 2941 nomina
1124 2881 1359 2943 servilia
1384 2883 1702 2963 plurimum
1731 2882 2135 2946 abundabant.
2193 2885 2326 2946 Hoc
2357 2904 2502 2947 sane

306 2967 643 3032 credibilius
669 2983 781 3049 est,
824 2996 1002 3055 quam
1030 2998 1070 3037 a
1096 2979 1448 3060 Scytharum
1478 2991 1658 3061 gente
1686 2979 1956 3053 derivari,
2003 3000 2152 3062 quos
2204 2982 2369 3044 Daas
2396 3002 2502 3044 vo-

308 3076 465 3126 cant.
551 3068 755 3151 Longe
783 3075 939 3134 enim
967 3075 1053 3136 illi
1082 3076 1159 3136 ad
1190 3078 1552 3160 Hyrcaniam
1591 3078 1772 3159 positi
1818 3087 1974 3152 sunt,
2022 3098 2135 3139 nec
2163 3092 2236 3139 ex
2262 3099 2334 3140 eo
2364 3077 2498 3142 loco

303 3162 574 3225 Athenas
618 3170 911 3250 mancipia
957 3172 1268 3253 deportata
1312 3174 1644 3259 putandum
1693 3184 1803 3236 est.
1888 3174 2102 3236 Servos
2147 3175 2303 3236 enim
2330 3187 2436 3238 aut
2462 3197 2497 3237 e

304 3261 659 3340 populorum
686 3268 1019 3330 nominibus
1044 3274 1357 3346 vocabant,
1403 3294 1439 3334 a
1478 3273 1692 3353 quibus
1723 3273 2130 3345 vectabantur,
2171 3281 2241 3332 ut
2269 3272 2501 3354 Lydum

307 3364 366 3415 et
391 3358 605 3438 Syrum
632 3381 647 3420 :
694 3373 798 3424 aut
836 3364 906 3424 iis
937 3369 1184 3429 maxime
1216 3391 1351 3449 quae
1379 3371 1494 3431 illis
1527 3371 1589 3429 in
1618 3370 1765 3432 locis
1793 3370 1984 3448 magis
2015 3389 2086 3429 ac
2112 3370 2300 3449 magis
2330 3389 2501 3429 usur·

304 3463 444 3531 pata
473 3467 665 3532 erant,
694 3470 761 3520 ut
787 3460 1030 3535 Manem
1057 3476 1121 3527 et
1146 3467 1396 3543 Midam,
1426 3488 1499 3530 ex
1521 3466 1813 3549 Phrygia:
1842 3467 2211 3547 Tibiumque,
2235 3485 2268 3526 e
2297 3464 2501 3547 Paph-

302 3548 563 3629 lagonia.
967 3618 976 3625 ,
2385 3639 2388 3640 ⁷

380 3648 624 3710 Servius
653 3649 714 3710 in
741 3654 1000 3732 primam
1019 3658 1299 3740 Eclogam
1330 3651 1495 3741 Virg.
1557 3661 1748 3721 Etiam
1773 3659 1889 3720 hoc
1918 3653 2242 3728 sciendum,
2272 3668 2332 3717 et
2359 3678 2496 3738 per·

302 3761 478 3803 sonas
501 3736 686 3824 ⁴hujus
715 3750 908 3827 operis
938 3773 1011 3813 ex
1035 3757 1239 3836 majori
1258 3768 1434 3837 parte
1462 3758 1702 3817 nomina
1723 3756 1799 3816 de
1822 3757 1995 3816 rebus
2018 3754 2250 3814 rusticis
2272 3752 2492 3812 habere

299 3842 592 3903 conficta:
635 3852 702 3903 ut
729 3845 1067 3924 Meliboeus,
1092 3853 1176 3914 ὅτι
1200 3858 1365 3931 μέλει
1379 3855 1540 3934 :mitrii
1568 3863 1678 3913 τῶν
1703 3850 1877 3927 βοῶν,
1925 3849 2084 3929 (111οἆ
2112 3857 2314 3909 curam
2344 3850 2496 3928 80¹⁸st

298 3935 494 3998 boum.
582 3939 663 3999 Et
709 3940 978 4023 Tityrus:
1022 3967 1158 4010 nam
1203 3950 1502 4014 Laconum
1550 3947 1759 4027 lingua
1802 3946 2033 4025 Tityrus
2081 3944 2296 4008 dicitur
2339 3947 2492 4007 aries

297 4033 501 4113 major,
551 4037 654 4117 qui
702 4058 942 4119 gregem
987 4045 1209 4106 anteire
1237 4045 1649 4110 consueverit:
1693 4043 1846 4108 sicut
1872 4042 2046 4102 etiam
2075 4041 2135 4100 in
2167 4041 2491 4106 Comoediis

294 4125 645 4196 invenimus.
732 4134 887 4197 Nam
916 4139 1255 4221 Pamphilus
1279 4152 1378 4204 est
1418 4152 1580 4204 totus
1624 4158 1829 4202 amans
1855 4159 1870 4201 :
1915 4136 2269 4220 Glycerium,
2320 4137 2490 4218 quasi

303 4222 490 4288 dulcis
518 4229 764 4292 mulier:
809 4234 1177 4313 Philumena,
1206 4239 1490 4300 amabilis.
