3050 4942
506 334 639 418 200
982 371 989 378 ·
1357 349 1466 398 so.
1516 347 1849 398 unumne

515 485 642 552 Nec
672 512 707 551 a
735 492 960 552 ratione
988 492 1243 553 fortasse
1273 489 1531 554 alienum
1560 490 1874 563 videbitur,
1919 490 1970 552 si
2017 491 2249 574 syllaba
2282 501 2494 553 natura
2519 492 2713 554 brevis

512 588 828 662 interdum,
879 590 1053 669 quasi
1103 588 1246 656 data
1295 607 1495 668 opera,
1545 587 1926 667 producatur,
1974 608 2093 667 quo
2143 590 2335 668 magis
2386 589 2715 669 emphatice

514 696 770 746 mentem
786 686 1096 765 ‘loquentis
1126 685 1431 766 exprimat.
1518 684 1618 744 Sic
1646 683 1885 744 Phorm.
1917 703 1982 745 v.
2013 687 2073 746 6.
2106 688 2202 746 75.

757 815 915 884 Quin
945 835 1100 875 novo
1128 814 1308 875 modo
1334 813 1389 875 ei
1416 815 1645 873 faceres
1674 810 2115 873 contumeliam.

516 945 651 1013 Quo
695 945 754 1003 in
802 945 937 1004 loco
975 942 1347 1003 Phormionis
1390 961 1663 1022 personae
1692 941 2013 1001 admodum
2042 941 2356 1002 convenire
2385 941 2526 1000 mihi
2553 941 2721 1002 vide-

513 1053 630 1113 tur,
661 1044 710 1102 si
739 1041 925 1121 prima
953 1041 1182 1121 syllaba
1209 1040 1293 1107 in,
1322 1059 1497 1112 novo,
1526 1040 1751 1100 cornice
1778 1039 2071 1120 producta
2096 1038 2192 1098 sit.
2275 1039 2556 1118 Agnosco
2585 1035 2716 1117 qui-

516 1138 651 1198 dem
700 1140 1013 1210 Fa‘ernum,
1057 1147 1124 1196 ut
1166 1146 1229 1198 et
1256 1137 1562 1210 Waseum,
1607 1137 1781 1197 aliter
1802 1135 1964 1196 hunc
1991 1155 2226 1196 versum
2254 1135 2466 1208 metiri,
2508 1153 2720 1213 nempe

513 1234 919 1294 contrahendo
966 1254 1192 1305 vocem,
1235 1253 1410 1307 nov0,
1453 1234 1515 1292 in
1565 1253 1742 1293 unam
1791 1233 2102 1314 syllabam,
2149 1242 2210 1293 et
2257 1232 2504 1311 primam
2533 1231 2615 1302 in,
2644 1230 2719 1302 ei,

508 1330 933 1411 producendo:
981 1331 1090 1390 sed
1120 1331 1248 1391 haec
1278 1332 1427 1392 ratio
1455 1331 1794 1411 impeditior
1819 1330 2091 1390 videtur:
2133 1327 2295 1408 quod
2326 1328 2376 1386 si
2402 1328 2496 1386 cui
2526 1347 2718 1406 neque

509 1428 718 1488 horum
741 1446 934 1506 neque
962 1436 1165 1486 nostra
1195 1427 1369 1506 hujus
1398 1446 1604 1486 versus
1636 1425 1992 1506 expediendi
2022 1425 2170 1484 ratio
2200 1424 2454 1504 placeat,
2480 1443 2575 1482 nae
2605 1424 2715 1483 iste

510 1523 812 1583 turbatum
840 1543 876 1582 a
907 1522 1140 1583 Mureto
1169 1525 1476 1584 verborum
1507 1524 1797 1594 ordinem,
1823 1533 2031 1584 contra
2052 1522 2311 1582 omnium
2335 1522 2486 1581 MsS.
2517 1521 2716 1592 fidem,

518 1619 565 1676 si
592 1618 753 1690 velit,
804 1620 1212 1698 amplectatur.
1299 1621 1389 1679 Ita
1417 1620 1574 1679 enim
1606 1619 1876 1680 Muretus
1907 1619 2091 1699 legit:

676 1745 847 1808 Novo
876 1749 1055 1812 modo
1085 1750 1138 1809 ei
1165 1750 1305 1829 quin
1330 1751 1555 1810 faceres
1586 1749 1974 1814 contumelias
1999 1770 2015 1809 :

510 1892 645 1964 sed,
686 1912 763 1952 an
806 1893 938 1953 haec
967 1896 1272 1956 verborum
1319 1896 1632 1957 collocatio
1660 1905 1914 1957 venusta
1956 1896 2055 1970 sit,
2098 1894 2291 1955 doctis
2326 1891 2717 1973 judicandum

508 1988 804 2069 relinquo.

599 2083 751 2145 Cum
781 2096 1006 2146 tantam
1052 2087 1255 2166 itaque
1293 2087 1594 2148 licentiam
1637 2089 1752 2149 sibi
1802 2106 2227 2167 nonnunquam
2257 2085 2576 2146 sumserint
2603 2084 2722 2143 Co-

516 2180 673 2252 mici,
703 2190 771 2240 ut
814 2192 1063 2241 metrum
1095 2202 1267 2241 suum
1296 2181 1375 2240 ad
1424 2184 1769 2263 popularem
1821 2183 2104 2263 loquendi
2150 2202 2371 2243 morem
2399 2182 2590 2260 magis
2622 2199 2718 2239 ac·

514 2276 1004 2343 commodarent:
1050 2279 1256 2336 mirum
1287 2297 1407 2336 non
1437 2280 1548 2338 erit
1593 2280 1642 2338 si
1690 2280 2055 2359 frequentius
2102 2280 2219 2338 ista
2250 2279 2518 2337 libertate
2548 2286 2720 2335 utan-

516 2381 634 2445 tur,
661 2393 839 2452 quam
865 2375 960 2433 vel
988 2372 1101 2453 ipsi
1130 2373 1409 2434 carminis
1438 2374 1654 2434 heroici
1684 2376 2000 2454 scriptores
2048 2375 2158 2434 sibi
2190 2372 2484 2433 interdum
2513 2373 2723 2451 permi-

514 2479 745 2533 serunt.
828 2470 986 2530 Hinc
1034 2490 1093 2530 m
1139 2471 1317 2530 finale
1345 2471 1438 2530 vel
1466 2471 1689 2532 vocalis
1724 2482 1865 2533 ante
1909 2472 2155 2532 alteram
2199 2470 2464 2530 vocalem
2513 2470 2575 2528 in
2626 2489 2720 2527 se·

519 2567 725 2644 quenti
753 2565 1011 2627 dictione
1041 2585 1200 2645 saepe
1230 2585 1350 2626 non
1379 2566 1651 2626 eliditur:
1693 2577 1802 2626 ut:

684 2696 815 2777 Ego
842 2717 978 2758 cum
1005 2696 1108 2757 illo
1136 2717 1395 2776 quocum
1425 2709 1551 2757 tum
1586 2717 1708 2757 uno
1734 2717 1855 2756 rem
1883 2696 2171 2755 habebam
2199 2694 2454 2780 hospite.

678 2795 1039 2858 ,Iamdudum
1071 2807 1128 2855 te
1159 2804 1336 2866 amat,
1355 2794 1709 2876 jamdudum
1750 2794 1833 2853 illi
1860 2792 2036 2852 facile
2067 2793 2152 2852 fit.

524 2961 532 2974 .
638 2896 643 2901 “
683 2891 814 2952 Eho
840 2912 981 2952 vero
1009 2891 1222 2952 laudas
1253 2892 1354 2971 qui
1380 2891 1555 2951 heros
1585 2891 1840 2951 fallunt?
1882 2891 1941 2949 in
1973 2889 2142 2949 loco:

520 3039 633 3082 nec
660 3020 957 3100 euphonia
987 3041 1097 3081 sua
1123 3031 1285 3083 caret
1311 3023 1441 3083 haec
1471 3023 1734 3083 elisionis
1764 3021 2028 3083 omissio,

588 3115 836 3174 Initium
864 3136 1103 3195 quoque
1132 3119 1435 3195 sequentis
1467 3110 1673 3178 versus
1724 3138 1885 3198 saepe
1924 3119 1985 3178 in
2030 3116 2343 3178 scansione
2361 3114 2472 3198 ‘fini
2499 3132 2721 3192 praece-

522 3208 717 3269 dentis
746 3212 1180 3288 annectendum
1210 3223 1302 3273 est
1327 3233 1340 3273 :
1385 3225 1491 3275 ut:
2437 3230 2442 3234 ’

684 3339 1023 3412 Rationem,
1053 3351 1146 3400 est
1170 3342 1371 3402 hercle
1400 3343 1619 3422 inepta,
1641 3363 1716 3404 ne
1747 3343 1938 3430 dicam
1971 3343 2132 3411 dolo,

683 3436 880 3515 Atque
910 3436 1202 3497 absurda:
1248 3438 1441 3519 pisces
1469 3449 1696 3500 ceteros
1726 3458 1938 3518 purga,
1971 3438 2217 3498 Dromo.

525 3581 567 3642 S
596 3579 772 3646 finale
817 3592 956 3648 ante
1011 3603 1336 3645 consonam
1384 3605 1545 3664 saepe
1574 3585 1783 3659 exteri,
1830 3604 1948 3644 non
1980 3603 2130 3664 opus
2168 3591 2261 3642 est
2289 3590 2356 3640 ut
2382 3598 2719 3652 memorem,

524 3699 659 3738 cum
688 3698 882 3753 nem0,
909 3679 1012 3761 qui
1040 3681 1425 3741 vetustiorum
1456 3683 1766 3761 poetarum
1793 3681 2071 3759 reliquias
2101 3689 2316 3750 versat,
2351 3676 2466 3740 hoc
2508 3675 2723 3754 ubique

519 3775 640 3837 fere
665 3775 789 3837 fieri
816 3797 939 3838 non
970 3776 1181 3838 videat.

602 3873 799 3952 Atque
826 3872 958 3934 baec
988 3864 1064 3934 de
1116 3874 1496 3935 Comicorum
1546 3873 1785 3934 licentia
1825 3872 1995 3953 quasi
2047 3872 2233 3932 obiter
2257 3868 2532 3948 attigisse
2561 3869 2725 3928 suffi-

525 3969 667 4029 ciat.
749 3968 868 4037 Qui
893 3965 1065 4050 plura
1090 3973 1274 4051 cupit,
1317 3970 1501 4030 Gabr.
1533 3971 1581 4029 F
1585 3971 1745 4029 aemi
1772 3968 2214 4031 emendationes
2243 3965 2442 4037 adeat,
2468 3965 2721 4025 hominis

518 4065 580 4123 in
620 4064 734 4125 hoc
778 4084 992 4144 genere
1047 4065 1475 4128 versatissimi?
1536 4064 1631 4126 vel
1681 4065 1824 4125 Chr.
1874 4050 2078 4124 Wesei
2121 4060 2416 4124 *nostratis
2459 4059 2724 4127 libellum

522 4159 625 4238 qui
652 4159 929 4222 Senarius
957 4161 1311 4235 inscribitur,
1349 4161 1472 4220 sive
1505 4160 1581 4226 de
1609 4159 1843 4242 legibus
1870 4170 1932 4221 et
1956 4158 2198 4221 licentia
2222 4167 2486 4221 veterum
2515 4157 2694 4236 poeta
