3050 4942
1174 384 1270 432 nu
1315 382 1730 436 'rnnmwrm
2419 377 2547 444 261

875 585 1192 653 Sidonius
1221 587 1601 674 Apollinar.
1630 592 1852 659 Carm.
1884 610 2027 661 XX.

690 718 874 798 Quid
901 741 1028 787 vos
1056 723 1309 808 eloquii
1338 745 1577 792 canam
1608 729 1857 809 Latini,

688 821 1000 905 Arpinas,
1032 825 1377 907 Patavine,
1407 829 1799 912 Mantuane,

685 922 775 989 Et
800 931 891 1004 te,
922 929 1185 995 comica
1214 932 1332 1015 qui
1362 932 1593 1014 doceS,
1624 936 1914 1016 Terenti,

685 1026 777 1090 Et
805 1035 891 1108 te,
918 1034 1219 1115 tempore
1248 1034 1365 1117 qui
1397 1043 1589 1101 satus
1621 1057 1889 1118 severo,

682 1125 956 1208 Graios,
987 1131 1256 1213 Plaute,
1285 1136 1467 1201 sales
1497 1137 1734 1221 lepore
1762 1141 2055 1206 transis?

749 1326 1040 1396 Rufinus
1071 1331 1574 1403 Grammaticus
1604 1337 2098 1406 Antiochensis·
2167 1341 2172 1347 “

499 1456 797 1541 Agnovit
824 1472 1102 1530 metrum
1133 1478 1496 1555 servatque
1516 1473 1878 1540 Terentius
1900 1481 2101 1542 artem
2124 1497 2144 1559 ;

504 1560 688 1626 Nam
714 1566 1025 1648 prologos
1055 1570 1347 1636 trimetro
1379 1574 1621 1640 didicit
1650 1596 2050 1661 componere
2076 1600 2297 1663 versu,

484 1659 997 1751 *Scenarumque
1026 1678 1219 1738 actus
1246 1676 1496 1759 primos
1524 1677 1698 1761 pede
1727 1679 1983 1746 claudit
2007 1682 2264 1749 eodem.

497 1860 773 1930 Servius
800 1866 868 1931 in
899 1867 1090 1948 illud,
1117 1870 1236 1938 lib.
1271 1889 1322 1937 1.
1366 1874 1638 1942 AEneid.
1679 1881 1700 1910 ‘
1718 1876 2008 1941 Talibus
2036 1876 2347 1943 incusat.’

408 1994 761 2064 Sciendum
819 2007 925 2068 est
973 2003 1383 2086 Terentium,
1430 2019 1701 2096 propter
1752 2012 1969 2077 solam
2011 2014 2485 2099 proprietatem
2489 1999 2520 2096 ‚⁴

321 2097 624 2164 omnibus
656 2101 952 2168 Cornicis
999 2125 1151 2171 esse
1198 2111 1674 2195 praepositum3
1718 2115 1970 2197 quibus
2010 2121 2138 2196 est,
2191 2124 2511 2201 quantum

322 2199 409 2263 ad
433 2207 652 2268 cetera
677 2212 964 2288 spectat,
994 2208 1285 2274 inferior.

764 2477 767 2482 f
848 2406 950 2471 Fl.
979 2407 1324 2494 Sosipater
1354 2413 1718 2496 Charisius,
1748 2417 1868 2483 lib.
1901 2435 1985 2483 11.

387 2531 566 2614 Ἤδη,
615 2543 687 2604 ut
736 2542 834 2606 ait
861 2540 1081 2608 Varro
1126 2545 1212 2611 de
1243 2548 1490 2614 Latino
1533 2550 1875 2629 Sermone,
1918 2552 2031 2617 lib.
2065 2568 2136 2614 v.
2176 2552 2341 2617 nulli
2388 2551 2505 2615 alii

315 2656 577 2704 servare
627 2645 945 2710 convenit
1000 2666 1204 2730 quam
1248 2648 1550 2715 Titinnio
1605 2656 1671 2715 et
1716 2651 2049 2717 Terentio.
2136 2649 2295 2728 Πάθη
2340 2670 2502 2718 vero

311 2736 598 2820 Trabea,
626 2744 863 2829 inquit,
890 2754 960 2812 et
986 2746 1268 2815 Attilius
1294 2756 1362 2814 et
1384 2749 1703 2818 Caecilius
1731 2752 1932 2818 facile
1957 2759 2329 2819 moverant.

867 2922 1112 2989 Isidor.
1143 2924 1400 3010 Origin.
1427 2927 1547 2993 lib.
1580 2945 1629 2992 1.
1649 2948 1812 3011 cap.
1842 2929 1950 2994 39.

392 3051 692 3120 Fabulas
754 3057 982 3140 poetae
1051 3062 1379 3144 quasdam
1445 3063 1820 3130 delectandi
1876 3083 2091 3130 causa
2146 3063 2493 3144 finxerunt,
2595 3115 2600 3120 .

308 3155 630 3236 quasdam
661 3157 747 3223 ad
775 3168 1051 3227 naturas
1095 3184 1335 3244 rerum,
1363 3167 1723 3231 nonnullas
1769 3166 1857 3231 ad
1897 3187 2115 3233 mores
2156 3167 2496 3233 hominum

303 3255 715 3341 interpretati
757 3268 932 3327 sunt.
1019 3265 1412 3332 Delectandi
1462 3286 1675 3333 causa
1723 3268 1943 3349 fictam,
1999 3277 2081 3335 ut
2134 3289 2278 3348 eaS,
2323 3288 2490 3354 quas

306 3358 505 3441 vulgo
536 3360 786 3442 dicunt,
816 3366 924 3431 vel
954 3386 1120 3450 quas
1148 3368 1430 3435 Plautus
1461 3377 1527 3436 et
1547 3370 1900 3437 Terentius
1931 3379 2469 3458 composuerunt.

406 3615 413 3628 1
496 3542 610 3607 Ex
640 3546 918 3634 antiquo
950 3549 1099 3615 cod.
1123 3516 1270 3615 ms.
1298 3553 1369 3616 in
1399 3552 1823 3618 Bibliotheca
1855 3552 2062 3635 Regis
2089 3552 2269 3618 Gall.

385 3676 612 3744 Natus
643 3682 713 3744 in
744 3684 1035 3749 excelsis
1065 3687 1263 3751 tectis
1295 3686 1715 3769 Carthaginis
1746 3686 1904 3752 altae

468 3779 799 3848 Romanis
825 3785 1109 3852 ducibus
1136 3789 1380 3853 bellica
1407 3789 1641 3872 praeda
1662 3788 1782 3853 fui.

383 3881 735 3969 Descripsi
764 3890 982 3953 mores
1008 3890 1370 3969 hominum,
1390 3894 1870 3977 juvenumque,
1899 3911 2287 3977 senumque,

353 4007 358 4011 ·
466 3984 778 4065 Qualiter
808 3997 879 4055 et
908 3993 1085 4056 servi
1116 3991 1456 4077 decipiant
1484 3994 1831 4059 dominos:

383 4084 566 4167 Quid
594 4091 923 4169 meretrix,
954 4092 1114 4176 quid
1142 4095 1296 4159 leno
1325 4096 1500 4161 dolis
1531 4095 1866 4178 confingat
1895 4113 2177 4178 avarus3

467 4191 647 4259 Haec
674 4195 1078 4281 quicumque
1107 4196 1287 4280 legit,
1318 4200 1443 4278 sic,
1474 4205 1667 4284 puto,
1698 4206 1940 4270 cautus
1967 4200 2115 4274 erit.
