3050 4942
1020 362 1118 414 ns
1167 361 1447 414 narnis
1490 363 1813 415 oomnis.
2385 352 2516 419 21⁷

331 502 627 566 rarissime
676 504 746 566 fit
786 506 947 588 apud
990 506 1306 570 Plautum:
1347 505 1469 569 vid.
1500 506 1722 569 Heaut.
1748 527 1798 570 1.
1831 509 1887 568 l.
1918 511 2017 570 w.
2095 507 2284 570 Aliud
2319 519 2518 572 antem

333 601 663 683 septenarii
668 604 998 684 exemplum
1022 604 1307 666 habemns
1333 603 1492 666 hac
1475 624 1608 684 ipsa
1632 605 1695 665 in
1721 624 1924 680 scena,
1949 626 2007 667 v.
2043 607 2137 666 16.

392 729 490 782 Mi‘
491 746 604 781 rum
625 741 775 783 νει-··-
789 732 1217 799 impar-denter·
1234 732 1501 785 muster...
1435 743 1500 761 ····
1522 733 1567 784 si
1588 730 1720 784 facit

392 811 561 863 Mere'
563 812 689 864 trix.
754 814 858 865 Cn.
889 812 1014 865 Ab·
1029 813 1398 866 Andrit=ost
1420 814 1629 866 ari-cili·
1646 814 1873 878 nez,
1901 818 2121 879 quaa-1⁴¹¹
2141 814 2194 865 in
2197 815 2418 880 denigo.

335 926 418 1001 Si,
447 924 754 999 Meretrix,
780 946 901 987 non
928 948 962 989 e
988 928 1251 1008 margine
1296 927 1570 988 traducta
1606 927 1704 1002 sit,
1751 929 1846 989 vel
1872 928 2220 991 collocanda
2246 938 2341 988 est
2363 937 2523 1009 post,

333 1019 561 1095 mulier,
588 1032 650 1083 et
677 1022 763 1083 sic
788 1025 948 1103 prior
973 1025 1084 1085 erit
1131 1025 1523 1104 septenarius,
1568 1035 1672 1086 aut
1717 1027 1988 1106 sequenti
2028 1025 2383 1106 apponenda
2409 1035 2524 1102 est,

335 1126 401 1176 nt
448 1118 571 1194 hic,
621 1128 684 1180 et
726 1128 868 1181 tunc
915 1120 1013 1183 ille
1061 1141 1183 1182 uno
1212 1121 1364 1202 pede
1410 1123 1741 1203 augebitur.
1849 1123 1959 1184 His
2002 1123 2191 1184 addas
2233 1123 2381 1185 Hec.
2413 1140 2526 1182 ιιι.

336 1215 534 1276 4.16.

400 1341 565 1476 Heore'
571 1344 772 1475 ίἷιίιιιιι
750 1351 848 1397 tu
869 1360 1084 1399 nunc:
1096 1347 1180 1400 hic
1198 1353 1338 1400 stas·
1355 1349 1374 1399 ?
1438 1349 1543 1403 ΡΑ.
1579 1342 1647 1401 Et
1668 1349 1955 1426 guidem...
1888 1363 1953 1377 ····
1972 1358 2017 1404 ι*
2039 1353 2325 1417 exspiro-to
2390 1348 2531 1399 Pia.

517 1439 567 1474 ιιι
633 1428 749 1477 est?

336 1536 444 1596 sed
470 1538 650 1621 hujus
676 1562 883 1606 versus
936 1543 1250 1607 lectionem
1297 1545 1441 1608 mihi
1488 1556 1828 1627 suspectam
1873 1565 2007 1608 esse
2036 1544 2114 1606 ad
2160 1543 2355 1606 locum
2385 1543 2531 1606 dixi.

338 1632 624 1716 Superest
651 1650 717 1701 ut
743 1661 1036 1716 moneam,
1076 1644 1342 1706 versibus
1371 1644 1724 1706 tetrametris
1753 1656 1814 1706 et
1841 1643 2136 1714 trimetris,
2164 1649 2376 1722 praeter
2398 1639 2535 1700 cola

334 1730 438 1790 illa
483 1731 559 1792 de
586 1736 802 1815 quibus
847 1738 1011 1818 prius
1045 1738 1188 1814 dixi,
1226 1740 1520 1822 interdum
1548 1741 1861 1802 immisceri
1885 1738 2231 1802 brevissima
2257 1734 2536 1818 quaedam

290 1857 297 1864 ·
335 1842 666 1901 commata3
727 1834 904 1896 unius
948 1836 1216 1917 syllabae,
1261 1847 1355 1910 ut,
1398 1858 1546 1911 non,
1572 1838 1730 1899 Eun.
1768 1856 1866 1899 ιν.
1893 1840 1955 1897 4.
1987 1839 2084 1898 32.
2133 1835 2404 1910 duarum,
2446 1841 2536 1906 ut,

339 1924 558 2005 Ina-jus,
583 1927 825 1992 Phorm.
852 1950 917 1993 V.
949 1935 1008 1993 8.
1035 1936 1140 1994 44.
1167 1934 1366 2010 trium,
1391 1945 1479 2010 ut,
1524 1936 1635 1997 fios
1664 1936 1816 2017 ipse,
1851 1935 1954 2016 qui
1981 1945 2075 1996 est
2101 1931 2384 1996 iambicus
2414 1945 2539 1990 mo·

340 2034 606 2085 nometer
640 2028 818 2088 catal.
903 2029 1058 2090 Eun.
1091 2050 1170 2091 11.
1201 2032 1260 2091 3.
1293 2034 1393 2092 28.
1443 2031 1677 2106 Occidi,
1724 2033 1878 2093 Eun.
1909 2050 1989 2092 11.
2021 2033 2079 2091 3.
2117 2032 2171 2089 1.
2201 2038 2282 2103 et,
2331 2024 2539 2097 Dori0,

339 2116 585 2181 Phorm.
616 2142 730 2184 111.
758 2126 817 2184 2.
854 2126 909 2184 1.
938 2127 1040 2208 qui
1067 2141 1209 2191 sunt
1234 2128 1517 2192 trochaici
1548 2128 1897 2190 monometri
1923 2128 2102 2191 catal.
2131 2134 2404 2206 quatuor,
2430 2142 2540 2184 ⁸⁶¹1

341 2236 478 2298 quae
506 2228 755 2284 metrum
783 2221 964 2284 iamb.
994 2223 1291 2308 integrum
1316 2226 1708 2298 constituunt,
1736 2229 1825 2297 ut,
1852 2224 1998 2305 quid
2020 2222 2168 2284 illud
2198 2219 2338 2286 est?
2379 2216 2540 2280 And.

345 2334 393 2373 1.
422 2318 484 2376 5.
515 2319 575 2376 2.
619 2317 769 2379 Esse
797 2318 1053 2401 denique
1099 2343 1235 2406 quae
1280 2333 1535 2384 metrum
1566 2322 1882 2384 iambicum
1916 2321 2222 2404 hypercat.
2251 2316 2541 2380 constitu-

342 2421 471 2484 unt,
500 2421 590 2486 ut,
619 2412 1181 2496 dis'crucior-animi,
1212 2418 1469 2504 Adelph.
1499 2438 1595 2480 1v.
1619 2423 1680 2480 4.
1719 2421 1772 2482 l.

423 2508 536 2568 Est
565 2509 804 2590 quidem
825 2512 888 2573 in
914 2514 1169 2596 vulgatis
1197 2516 1367 2578 editt.
1396 2514 1735 2596 exemplum
1762 2513 1939 2576 etiam
1971 2510 2279 2573 commatis
2308 2507 2542 2571 iambici

347 2603 579 2665 dimetri
624 2608 1161 2691 brachycatalecti:
1216 2614 1459 2676 Phorm.
1489 2632 1540 2675 1.
1566 2616 1626 2673 4.
1661 2614 1759 2674 18.
1844 2608 2194 2670 Homi'nem.
2235 2605 2362 2670 Au.
2410 2605 2544 2668 Sta-

344 2698 523 2762 illico.
608 2702 730 2763 Gn.
759 2705 931 2768 Hem.
1015 2708 1157 2782 Sed,
1199 2707 1540 2783 Hominem,
1583 2706 1663 2768 ad
1689 2724 1921 2766 versum
1951 2702 2385 2784 praecedentem
2412 2699 2549 2779 reji-

348 2796 624 2858 ciendum
645 2819 800 2875 esse,
829 2801 906 2863 ad
933 2802 1132 2866 locum
1160 2805 1281 2866 dixi
1307 2824 1324 2868 z
1364 2824 1475 2865 nec
1503 2802 1639 2888 plus
1669 2820 1790 2864 uno
1836 2799 2013 2884 hujus
2043 2797 2277 2884 generis
2306 2794 2545 2858 memini

350 2895 509 2977 apud
533 2896 833 2962 Plautum.
875 2899 1042 2965 Pers.
1073 2923 1161 2964 ιν.
1190 2906 1251 2964 4.
1284 2903 1421 2966 116.

853 3011 974 3074 Ab¹'
1003 3025 1272 3095 argent-⁸-
1292 3048 1320 3061 -
1340 3013 1481 3078 effer
1508 3012 1649 3076 huc.

427 3126 543 3186 His
583 3126 792 3207 paucis
839 3127 1063 3190 absolvi
1090 3127 1375 3209 quicquid
1426 3127 1578 3188 scire
1622 3144 1777 3205 opus
1826 3133 1921 3185 est
1967 3121 2045 3182 ad
2100 3118 2551 3199 intelligendum

351 3222 550 3282 omnia
593 3223 701 3285 illa
742 3225 1071 3286 carminum
1120 3243 1359 3305 genera,
1406 3241 1545 3303 quas
1593 3242 1631 3283 a
1667 3220 1931 3282 trochaeo
1959 3220 2053 3280 vel
2098 3218 2293 3278 iambo
2334 3229 2553 3275 nomen

353 3337 530 3379 sunm
557 3320 916 3392 sortiunturg
946 3331 1242 3402 quatenus
1268 3323 1351 3382 ad
1373 3331 1691 3396 metrorum
1716 3319 2201 3381 Terentianornm
2219 3312 2557 3391 intelligen-

351 3416 494 3475 tiam
522 3436 727 3477 eorum
752 3420 1016 3500 cognitio
1042 3420 1378 3481 necessaria
1403 3429 1516 3479 est.
1588 3417 1683 3478 De
1707 3416 1801 3477 his
1829 3425 2027 3480 autem
2053 3412 2277 3493 duplex
2303 3410 2558 3489 questio

353 3514 576 3576 moveri
603 3525 842 3593 potestz
886 3516 1095 3588 altera,
1142 3517 1526 3597 quamobrem
1569 3523 1797 3574 tantam
1843 3512 2171 3573 carminum
2209 3505 2557 3567 varietatem

354 3609 691 3673 adhibuerit
712 3613 1043 3687 Terentius,
1087 3624 1150 3673 et
1187 3629 1308 3674 non
1334 3614 1535 3694 potius
1582 3613 1741 3673 intra
1784 3610 2078 3670 trimetros
2108 3603 2351 3674 steterit,
2375 3598 2558 3679 ,quod

357 3708 543 3767 voluit
569 3707 995 3776 Quintilianus.
1094 3709 1347 3770 Consilii
1393 3709 1571 3788 hujus
1619 3706 1907 3768 rationem
1946 3702 2119 3763 multi
2143 3722 2179 3760 e
2208 3700 2384 3758 rebus
2411 3695 2556 3776 ipsis

357 3803 677 3882 petendam
703 3805 1078 3880 arbitrantur,
1107 3817 1168 3867 et
1194 3807 1535 3867 Terentium
1554 3803 1731 3866 variis
1748 3818 2022 3863 versuum
2044 3796 2355 3879 generibus
2381 3802 2559 3853 usum

355 3900 561 3974 fuine»
588 3911 661 3963 nt
684 3903 769 3962 rei
794 3901 870 3965 de
895 3921 1018 3984 qna
1036 3904 1233 3984 agitur
1253 3914 1525 3965 naturam
1553 3915 1926 3963 numerorum
1961 3894 2364 3958 concinnitate
2390 3907 2562 3970 spec-

357 4004 617 4057 tatorum
662 3998 851 4060 oculis
899 3999 1113 4061 melius
1158 4001 1507 4081 subjicerem
1571 3998 1681 4060 sed
1710 4015 1914 4058 vereor
1938 4004 2009 4054 ut
2050 3993 2166 4054 hoc
2206 3997 2558 4068 responsum

345 4094 506 4153 ⁴satis
531 4095 765 4155 firmum
806 4096 908 4170 sit,
946 4114 1083 4159 cum
1126 4096 1392 4158 locorum
1432 4095 1803 4176 inspectione
1848 4099 2084 4153 constet
2107 4089 2169 4148 in
2201 4084 2560 4146 Fabularnm

351 4191 630 4268 partibus
671 4191 932 4256 maxime
980 4195 1134 4257 inter
1178 4211 1248 4258 se
1300 4194 1785 4260 dissuadentibus
1840 4190 1999 4259 idem
2054 4183 2329 4248 carminis
2370 4197 2563 4264 genus
