3050 4942
747 386 1116 436 mmnms
1165 385 1464 436 nemsu
1516 385 2037 438 mssnnu‘rro.
2410 375 2496 442 83

297 527 581 591 tembris:
627 526 923 589 durabant
972 538 1168 589 autem
1202 544 1333 588 ‘non
1379 530 1632 610 amplius
1682 528 1810 596 dies
1858 545 2092 594 novem.
2176 531 2386 594 Cicero
2436 534 2497 599 in

302 627 535 687 actione
562 624 756 706 prima
781 623 841 685 in
871 626 1112 685 Verrem
1138 646 1153 686 ε
1198 633 1217 662 ⁸
1241 627 1433 687 Nonae
1463 636 1606 688 sunt
1631 626 1810 688 hodie
1839 629 2124 696 Sextiles:
2167 628 2314 689 hora
2340 649 2500 691 nona

300 707 618 784 convenire
646 722 909 802 coepistis
934 744 949 783 ε
994 723 1153 783 hunc
1182 723 1337 785 diem
1372 726 1495 804 jam
1519 743 1602 785 'ne
1631 735 1944 786 numerant
1971 726 2208 805 quidem
2235 746 2249 786 τ
2294 725 2500 792 decem

303 821 429 884 dies
459 814 607 881 sunt
629 830 769 879 ante
800 819 1001 880 Ludos
1025 820 1277 894 votivos,
1328 842 1478 901 quos
1510 822 1623 882 Cn.
1655 823 1970 902 Pompeius
1996 825 2260 885 facturus
2287 835 2417 886 est:
2459 826 2501 885 ii

303 916 452 977 Ludi
497 916 631 978 dies
682 915 1017 996 quindecim
1067 917 1374 977 auferent:
1418 918 1635 979 deinde
1684 919 1933 979 Romani
1980 921 2263 981 continuo
2292 941 2503 982 conse-

304 1023 601 1094 quentur:
644 1012 729 1072 ita
755 1032 939 1094 prope
972 1033 1083 1074 xx„
1115 1015 1322 1075 diebus
1353 999 1735 1096 interpositiS,
1775 1027 1898 1077 tum
1929 1017 2183 1097 denique
2213 1037 2278 1077 se
2306 1018 2382 1076 ad
2411 1038 2502 1091 ea,

305 1130 439 1191 quae
467 1131 509 1170 a
536 1110 709 1171 nobis
738 1110 904 1171 dicta
929 1123 1119 1184 erunt,
1164 1132 1553 1192 responsuros
1598 1133 1730 1173 esse
1768 1113 2160 1174 arbitrantur.’
2240 1115 2505 1184 Quorum

307 1208 538 1268 dierum
567 1206 620 1268 si
655 1208 791 1288 quis
817 1208 1102 1270 rationem
1133 1211 1445 1283 subducat,
1487 1222 1549 1271 et
1593 1214 1703 1271 sub
1748 1211 1972 1271 initium
2020 1211 2378 1290 Septembris
2405 1230 2504 1270 ca-

307 1302 445 1365 dere
477 1304 684 1365 Ludos
713 1305 1037 1377 Romanos,
1085 1316 1146 1366 et
1195 1327 1316 1366 non
1348 1307 1601 1387 amplius
1629 1327 1839 1368 novem
1866 1305 1993 1366 dies
2023 1306 2268 1367 durasse
2298 1307 2505 1386 depre-

303 1401 553 1463 hendet.
624 1401 717 1461 De
743 1402 814 1462 iis
844 1401 1028 1461 Ludis
1056 1402 1341 1463 Romanis
1372 1403 1456 1463 ita
1485 1404 1697 1464 Cicero
1726 1403 1873 1463 libro
1903 1402 2110 1481 quinto
2139 1403 2197 1461 in
2231 1403 2504 1463 Verrem:
2582 1434 2590 1438 ⁴

306 1506 325 1532 ‘
354 1500 537 1559 Nunc
585 1519 715 1559 sum
764 1497 1110 1578 designatus
1157 1499 1407 1567 AEdilis;
1450 1499 1643 1559 habeo
1687 1500 1971 1559 rationem
2016 1498 2158 1577 quid
2200 1516 2238 1555 a
2287 1499 2508 1578 populo

309 1595 588 1656 Romano
617 1595 981 1675 acceperim;
1025 1595 1168 1654 mihi
1215 1595 1411 1655 Ludos
1452 1595 1860 1655 sanctissimos
1889 1595 2148 1654 maxima
2176 1613 2310 1654 cum
2340 1596 2508 1660 caeti,-

304 1694 511 1753 monia
535 1692 756 1764 Cereri,
787 1692 1032 1764 Liberae,
1074 1693 1397 1771 Liberoque
1425 1692 1750 1765 faciendos,
1797 1690 1936 1750 mihi
1989 1691 2221 1749 Floram
2253 1690 2508 1749 Matrem

303 1788 533 1870 populo
576 1789 853 1869 plebique
898 1790 1188 1850 Romanae
1235 1790 1534 1849 Ludorum
1563 1788 1901 1849 celebritate
1944 1785 2321 1866 placandam,
2371 1789 2512 1852 mihi

310 1884 517 1945 Ludos
547 1884 1012 1965 antiquissimOS,
1061 1888 1162 1967 qui
1206 1888 1373 1966 primi
1427 1886 1683 1948 Romani
1732 1895 1871 1945 sunt
1915 1883 2215 1963 appellati,
2260 1884 2514 1946 maxima

312 2000 449 2041 cum
477 1982 774 2061 dignitate
803 2001 873 2043 ac
903 1983 1184 2063 religione
1212 1984 1367 2057 Jovi‚
1412 1983 1654 2054 Junoni,
1694 1980 2095 2058 Minervaeque
2126 1998 2256 2038 esse
2285 1978 2513 2039 faciun-

314 2077 449 2150 dos,
477 2078 621 2140 mihi
650 2097 947 2138 sacrarum
976 2079 1190 2139 aedium
1220 2078 1735 2159 procurationem,’
1778 2081 1893 2138 ὅτε.
1980 2076 2114 2145 Quo
2142 2075 2275 2136 loco
2304 2076 2514 2155 Mega-

314 2177 515 2235 lenses
545 2174 744 2234 Ludos
774 2194 892 2234 non
937 2177 1253 2249 omisisset,
1296 2197 1444 2256 quos
1475 2176 1701 2236 AEdiles
1731 2194 1960 2235 summa
1988 2174 2269 2253 religione
2299 2185 2358 2232 et
2386 2174 2516 2252 dig-

320 2272 506 2331 nitate
535 2272 851 2346 faciebant,
880 2272 993 2332 nisi
1016 2272 1189 2333 iidem
1212 2282 1272 2334 et
1296 2273 1677 2353 Megalenses
1699 2270 1849 2331 Ludi
1877 2270 2125 2330 fuissent
2154 2281 2213 2329 et
2238 2268 2515 2330 Romani.

279 2379 288 2392 '
323 2368 453 2427 Hac
484 2379 686 2427 tamen
716 2378 843 2430 tota
871 2367 954 2428 de‘
976 2388 1036 2428 re
1066 2381 1470 2432 asseveranter
1499 2368 1722 2430 dictum
1747 2368 1894 2450 nibil
1921 2367 2113 2427 velim.

963 2798 1425 2868 DANIELIS
1488 2799 1897 2880 HE1Nsn,

488 2971 592 3022 AD
631 2969 947 3026 HORA'ru
988 2972 1089 3021 DE
1123 2969 1414 3021 PLAUTO
1453 2968 1547 3019 ET
1578 2968 1952 3037 TERENTIO
1986 2968 2364 3032 JUDICIUM,

1191 3101 1668 3161 stsnuTAmo.

662 3284 745 3344 At
767 3283 954 3343 nostri
982 3283 1182 3362 proavi
1213 3274 1522 3342 Plautinos
1552 3292 1615 3342 et
1641 3300 1915 3343 numeros
1946 3294 2007 3345 et

663 3380 1004 3441 Laudavere
1032 3382 1224 3448 sales;
1270 3380 1511 3440 nimium
1541 3380 1830 3458 patienter
1857 3390 2188 3459 utrumque,

664 3476 759 3535 Ne
785 3475 978 3540 dicam
1009 3476 1207 3547 stulte,
1236 3475 1425 3535 mirati
1450 3496 1464 3535 :
1511 3475 1562 3535 si
1590 3475 1768 3535 modo
1793 3494 1907 3555 ego
1935 3487 1996 3537 et
2024 3497 2129 3536 vos

663 3573 899 3634 Scimus
927 3573 1276 3664 inurbanum
1304 3572 1505 3651 lepido
1534 3591 1818 3652 seponere
1846 3572 2028 3645 dicto,

660 3670 1127 3750 Legitimumque
1155 3690 1366 3731 sonum
1393 3668 1596 3749 digitis
1625 3669 1906 3729 callemus
1937 3679 1999 3729 et
2028 3688 2187 3728 aure.

342 3818 605 3882 Durium
638 3815 911 3894 equidem
930 3805 1244 3895 judicium,
1290 3826 1350 3876 et
1377 3816 1538 3897 quod
1568 3833 1687 3875 non
1718 3835 1888 3876 nemo
1916 3814 2030 3874 hac
2059 3821 2235 3872 aetate
2265 3811 2339 3873 de
2367 3812 2531 3893 lepo—

341 3934 467 3974 rum
511 3912 775 3973 omnium
823 3922 1087 3992 parente,
1137 3933 1366 3974 summo
1397 3913 1617 3974 Critico
1647 3932 1716 3973 ac
1744 3897 1999 3971 maximo
2030 3909 2218 3970 Poeta
2246 3909 2536 3982 excidisse

344 4012 571 4071 nollet:
603 4010 772 4088 cujus
804 4001 998 4070 tamen
1030 4032 1227 4073 vernae
1257 4012 1464 4072 melius
1495 4011 1570 4071 de
1601 4011 1816 4070 Plauto
1834 4007 2205 4088 judicabant,
2234 4026 2407 4094 quam
2439 3999 2538 4085 qui

346 4127 502 4168 nunc
531 4108 813 4166 familiam
850 4109 908 4166 in
955 4106 1135 4168 literis
1180 4108 1330 4168 tueri
1366 4108 1481 4167 hac
1512 4116 1687 4167 aetate
1717 4105 2056 4166 creduntur.
2142 4104 2258 4172 Qui
2286 4123 2396 4163 nec
2426 4123 2538 4162 sae-

349 4206 485 4278 culi,
516 4225 638 4284 quo
667 4205 831 4279 vixit,
873 4213 934 4264 et
961 4225 1102 4285 quo,
1130 4226 1262 4266 oum
1293 4205 1526 4277 Poe'siS,
1572 4215 1697 4265 tum
1726 4204 1930 4264 Latina
1959 4202 2184 4281 lingua,
2233 4199 2308 4260 ad
2336 4220 2541 4279 supre-
