3050 4942
769 351 1134 425 nameus
1183 351 1478 404 ι-ιΕῐΝειι
1528 351 2066 412 mssnnrnlo.
2425 337 2514 403 87

311 493 609 560 inclusum
636 516 829 577 neque
870 496 1168 575 signatum
1219 497 1393 557 esse!
1476 495 1612 555 Vox
1641 495 1797 556 enim
1848 501 2245 560 κλεπτίστατοε
2288 506 2518 562 tantum

244 609 248 613 '
315 598 506 668 abest,
545 606 617 655 ut
646 594 899 654 sermoni
927 593 1250 653 convenire
1291 592 1504 672 possit,
1545 596 1687 652 ὥστε
1729 590 1859 652 οὐδὲ
1897 596 2071 653 αὐτοῦ
2111 598 2211 664 τὴν
2257 592 2519 657 διάλυσιν

315 692 610 767 (dicerent
639 692 886 752 subtiles
914 691 1121 751 harum
1152 711 1342 750 rerum
1364 688 1628 769 judices)
1655 693 1941 761 πολιτικὴν
1969 688 2140 764 εἶναι,
2168 690 2283 751 hoc
2313 702 2427 766 est,
2452 703 2521 754 ut

316 811 390 850 ne
419 790 663 869 quidem
691 809 835 850 voce
866 789 1002 863 alia,
1031 809 1167 868 quae
1197 807 1326 848 earn
1353 788 1662 866 exprimat,
1687 786 2100 847 consuetudini
2128 796 2232 850 aut
2258 789 2391 848 usui
2420 809 2521 850 ac·

316 887 683 947 commodari
712 887 919 966 possit.
1002 887 1215 966 Itaque
1244 885 1562 964 corrumpit
1590 903 1813 955 vocem,
1857 881 2034 961 plane
2062 893 2130 941 ut
2153 882 2381 958 faciem,
2419 886 2522 964 qui

319 988 403 1045 sic
429 1006 669 1046 movere
699 985 882 1045 risum
904 985 1168 1064 cogitat:
1198 984 1400 1062 qualia
1423 1001 1605 1062 prope
1633 980 1860 1040 infinita
1886 979 2318 1059 Aristophanis.
2405 982 2522 1041 Ex-

319 1084 520 1164 emplo
546 1083 670 1143 sint
698 1082 1065 1155 diminuti-va,
1114 1102 1251 1162 quea
1294 1091 1414 1141 tam
1441 1078 1757 1158 diligenter
1784 1077 1957 1137 tertio
1984 1077 2434 1140 Rhetoricorum
2462 1077 2524 1138 in

316 1180 482 1241 illius
508 1181 853 1259 Babyloniis
883 1181 1014 1242 Rex
1044 1179 1399 1239 criticorum
1428 1176 1780 1238 Aristoteles
1829 1174 2097 1235 notavit:
2140 1173 2523 1255 χρυσιδάριον,

319 1277 780 1357 λοιδορημᾶτιον,
820 1277 1191 1356 ἱματιδάριον,
1237 1279 1329 1336 καὶ
1374 1275 1734 1353 νοσημάτων.
1819 1272 1997 1341 Quod
2044 1282 2104 1332 et
2149 1272 2210 1331 in
2255 1288 2525 1332 sermone

320 1375 449 1455 ejus
489 1377 716 1455 passim
746 1388 806 1453 et
835 1376 893 1434 in
927 1375 1200 1435 sensibus
1254 1375 1558 1445 observes,
1604 1389 1756 1449 quos
1804 1388 1925 1432 non
1966 1388 2100 1429 raro
2142 1368 2294 1428 risus
2343 1383 2528 1427 causa

321 1472 492 1532 effert
520 1473 1027 1553 corruptissimos;
1061 1491 1220 1551 saepe
1248 1482 1443 1532 tamen
1475 1488 1614 1529 cum
1645 1465 1845 1527 illudit
1870 1465 2016 1525 aliis.
2101 1464 2298 1533 Quare
2325 1480 2525 1534 voces,

322 1569 594 1648 phrases,
642 1589 877 1645 sensus,
922 1571 1101 1631 etiam
1130 1577 1508 1640 structuram,
1553 1565 1766 1635 Novae,
1792 1573 1863 1623 ut
1884 1561 2094 1622 imitari
2121 1560 2306 1622 cuivis
2335 1569 2528 1622 tutum

323 1677 435 1741 est,
487 1666 574 1727 ita
600 1666 923 1747 Antiquam
953 1666 1004 1726 si
1032 1665 1166 1745 quis
1192 1663 1407 1725 imitari
1436 1660 1597 1735 velit,
1645 1659 1899 1720 maximo
1930 1657 2164 1718 delectu
2193 1676 2265 1717 ac
2297 1654 2528 1735 judicio

327 1774 420 1850 est
459 1783 621 1843 ,opus
647 1783 664 1821 ι
708 1762 869 1842 quod
920 1763 970 1822 si
1017 1761 1354 1841 quisquam,
1405 1768 1564 1818 recte
1607 1754 1955 1816 Aristoteles
2004 1754 2248 1820 notavit.
2331 1752 2532 1830 Atque

327 1860 458 1922 haec
485 1878 693 1933 causa,
721 1880 846 1934 cur,
889 1869 958 1919 ut
984 1859 1170 1918 multo
1198 1856 1508 1938 perfectior
1535 1853 1873 1931 utiliorque,
1924 1851 2008 1910 ita
2036 1850 2231 1910 minus
2261 1846 2528 1937 ridicula,

330 1958 407 2017 sit
436 1958 633 2031 Nova,
664 1957 725 2018 in
754 1976 875 2037 qua
902 1975 1129 2031 omnes,
1174 1965 1243 2015 ut
1273 1956 1398 2035 jam
1428 1951 1724 2021 absoluta,
1753 1948 2158 2028 acquiescunt.
2243 1944 2397 2008 Cum
2425 1962 2532 2003 an-

328 2054 477 2134 tiqui
508 2054 761 2126 Comici,
809 2053 882 2113 iis
923 2054 1138 2132 pariter
1166 2073 1301 2131 quae
1331 2050 1558 2120 dicunt,
1589 2055 1651 2107 et
1676 2044 1914 2104 dicendi
1944 2034 2190 2115 ratione,
2232 2039 2533 2100 urbanita-

331 2163 470 2226 tem,
500 2152 645 2231 quia
671 2149 816 2209 nihil
847 2149 1010 2209 aliud
1042 2157 1386 2229 spectarunt
1408 2165 1587 2226 quam
1607 2142 1938 2214 ridiculum,
1967 2139 2260 2220 plerisque
2282 2138 2342 2197 in
2364 2136 2533 2208 locis,

332 2247 740 2330 imprudenter
767 2246 1099 2306 excedant:
1144 2244 1396 2322 ideoque
1426 2251 1488 2302 et
1512 2240 1719 2301 vitium
1747 2238 2115 2319 plerumque,
2155 2234 2317 2315 quod
2344 2232 2533 2312 βωμο-

333 2351 549 2427 λοχίαν
594 2343 743 2403 dixit
783 2341 1153 2415 AristoteleS,
1200 2341 1520 2400 incurrant.
1606 2336 1723 2405 Qui
1767 2334 1853 2394 vir
1895 2351 2149 2412 magnus
2192 2330 2536 2391 Ethicorum

335 2452 570 2521 quarte,
599 2442 700 2501 ubi
728 2441 803 2502 de
832 2439 1163 2501 urbanitate
1188 2438 1333 2516 agit,
1381 2456 1516 2515 quae
1561 2436 1619 2494 in
1669 2431 1871 2511 primis
1897 2430 2095 2490 locum
2123 2427 2183 2506 in
2213 2426 2305 2487 his
2333 2423 2534 2496 habet,

334 2538 579 2600 eosdem
610 2548 671 2599 et
698 2539 957 2597 urbanos
986 2544 1046 2594 et
1070 2535 1356 2594 honestos
1388 2529 1584 2592 vocari
1614 2516 1726 2589 ait:
1757 2531 2130 2605 εὐτραπέλους
2156 2524 2334 2601 enim,
2361 2521 2535 2601 quasi

336 2638 650 2714 εὐτρόπονς,
693 2633 835 2696 dici.
918 2633 1088 2694 Sicut
1115 2642 1310 2693 autem
1337 2630 1414 2692 de
1443 2627 1787 2707 corporibus
1818 2645 1892 2685 ex
1917 2632 2105 2695 motu,
2148 2621 2235 2681 ita
2260 2638 2335 2680 ex
2361 2620 2537 2679 urba-

337 2733 522 2794 nitate
563 2731 821 2812 judicari
865 2730 944 2791 de
995 2729 1231 2790 animo:
1276 2736 1471 2786 utrum
1498 2741 1711 2800 nempe
1738 2721 2027 2780 honestus
2067 2717 2163 2789 sit,
2208 2735 2285 2775 an
2328 2714 2536 2791 turpis,

340 2831 459 2901 Qui
509 2829 587 2892 de
632 2828 977 2911 corporibus
1021 2828 1212 2900 locus,
1257 2843 1395 2885 cum
1442 2823 1734 2882 obscurus
1779 2815 1950 2876 nobis
1983 2812 2296 2883 videretur,
2345 2828 2537 2887 neque

339 2930 662 3010 quicquam
704 2924 774 3000 in,
811 2926 1140 2989 recentibus
1191 2920 1598 3001 scriptoribuS,
1647 2916 1749 2996 qui
1798 2908 2164 2995 interpretati
2204 2927 2338 2968 eum
2379 2914 2538 2976 sunt,

340 3025 603 3106 proesidii
632 3023 709 3085 ad
736 3043 977 3084 manum
1005 3031 1187 3096 esset,
1234 3020 1311 3080 ad
1342 3015 1747 3079 Andronicum
1775 3008 2097 3080 Rhodium,
2145 3003 2313 3092 cujus
2359 3002 2542 3061 Para·

341 3122 585 3203 phrasin
614 3122 674 3184 in
705 3121 839 3181 illos
865 3121 1048 3181 libros
1079 3120 1253 3199 plane
1282 3113 1711 3184 admirandam,
1750 3105 1919 3190 primi
1949 3114 2011 3165 et
2035 3101 2350 3174 edidimus,
2386 3112 2453 3159 et
2479 3098 2544 3159 in

345 3217 622 3280 Latinum
649 3218 1043 3281 convertimus
1074 3233 1423 3286 sermonem,
1460 3222 1528 3272 ut
1558 3227 1717 3289 saepe
1747 3207 1916 3277 alias,
1944 3199 2340 3279 confugimus.
2424 3195 2543 3263 Qui

343 3317 459 3376 hoc
486 3315 710 3396 modo:
748 3315 825 3374 Ἦ
850 3314 912 3374 δὲ
947 3316 1207 3394 μεσότης,
1254 3313 1616 3389 εὗτραπελία,
1665 3307 1756 3364 καὶ
1802 3302 1854 3361 οἱ
1899 3304 2148 3381 ἔχοντες,
2192 3297 2542 3373 εὐτράπελοι,

348 3412 468 3475 οἷον
499 3412 774 3492 εὖτροποι·
819 3415 913 3471 καὶ
938 3415 1052 3487 γάρ
1079 3422 1176 3470 τοῦ
1224 3412 1384 3480 ἤθους
1428 3405 1655 3466 δοκοῦσι
1701 3406 1953 3461 τοιαῦτ-αι
1999 3398 2256 3465 κινὴσειε,
2304 3388 2450 3452 οὗτοι
2479 3388 2544 3449 δέ

351 3516 498 3572 εἰσιν
526 3513 580 3572 οἶ
604 3510 910 3573 walion-es
933 3510 1208 3587 ἐμμελῶς,
1238 3508 1327 3564 καὶ
1356 3509 1423 3563 ὡς
1451 3501 1557 3575 δεῖ,
1587 3503 1677 3559 καὶ
1704 3498 1819 3558 ὅτε.
1862 3499 2048 3575 ὥσπερ
2077 3496 2189 3568 γὰρ
2217 3489 2279 3549 αἶ
2306 3491 2546 3558 κινῆσειε

351 3614 421 3668 τά
470 3610 709 3688 σώματα
750 3605 1281 3687 χαρακτηρίέουσιν·
1327 3598 1446 3659 οἷον
1490 3609 1599 3676 πῦρ
1646 3598 1752 3674 μὲν
1793 3596 1827 3664 ἦ
1874 3595 1953 3651 εἷς
1977 3591 2039 3650 τὸ
2067 3589 2188 3648 ἅνω
2214 3591 2428 3655 κίνησις
2455 3586 2553 3641 καὶ

351 3714 467 3766 πᾶν
494 3711 715 3784 κοῦφον·
758 3701 908 3782 βαρῦ
928 3701 990 3761 δὲ
1018 3704 1051 3772 ἦ
1077 3705 1157 3761 εἰς
1181 3700 1242 3762 τὸ
1269 3704 1469 3779 μέσον,
1511 3699 1601 3756 καὶ
1630 3696 1722 3753 ἐπὶ
1748 3703 1857 3752 τῶν
1895 3690 2097 3748 ἄλλων
2146 3685 2362 3761 ὁμοίως·
2407 3677 2545 3737 οὕτω

357 3808 446 3862 καὶ
474 3803 591 3862 ἀπὸ
618 3810 732 3861 τῶν
759 3802 859 3872 ἔξω
892 3802 982 3857 καὶ
1009 3802 1364 3878 φαινομένων
1392 3800 1489 3853 τοῦ
1515 3794 1807 3864 ἀνθρώπου
1835 3792 2124 3856 κινήσεων,
2172 3777 2235 3836 αἱ
2277 3778 2426 3854 ἕξεις,
2453 3788 2550 3845 τῆς

358 3902 540 3981 ψυχῆς
561 3905 860 3980 φαίνονται
888 3898 981 3955 καὶ
1010 3900 1081 3955 τά
1108 3899 1234 3967 ἢθη.
1317 3890 1495 3959 Quod
1540 3898 1635 3949 est
1678 3906 1752 3945 ex
1792 3877 2268 3960 interpretatione
2295 3882 2499 3934 nostra
2524 3894 2541 3933 z

358 4004 375 4034 ⁴
406 3995 675 4057 Medium
699 4013 862 4067 vero,
891 3996 1252 4071 εὐτραπελία,
1278 3988 1343 4048 id
1372 3997 1486 4063 est,
1537 3982 1860 4051 urbanitas,
1909 3976 2130 4055 quique
2169 3972 2231 4032 in
2258 3988 2331 4032 eo
2357 3970 2549 4029 excel-

359 4095 510 4166 lunt,
558 4094 914 4171 εὐτράπελοι,
963 4089 1134 4168 quasi
1177 4086 1450 4167 εὔτροποι,
1493 4084 1609 4144 hoc
1638 4089 1749 4153 est,
1796 4078 1948 4137 bene
1977 4070 2204 4148 morati,
2253 4066 2548 4128 dicuntur·

365 4190 598 4256 Etenim
624 4189 997 4271 potissimum
1026 4205 1062 4249 a
1091 4185 1347 4248 moribus
1376 4182 1645 4246 videntur
1674 4196 1804 4239 esse
1829 4172 1897 4238 hi
1930 4179 2146 4232 motus.
2229 4164 2312 4225 Hi
2334 4172 2551 4244 ,autem

2574 431 2609 448 Ο
