3050 4942
505 347 634 426 112
924 363 1116 411 Loca
1167 361 1579 414 MENANDRI
1628 365 1722 414 ΕΤ
1746 333 2249 422 ‘APOLLODORI

507 507 682 579 Quod
709 507 770 567 in
793 507 1154 587 increpando
1182 506 1535 588 ergafilium
1563 508 1642 570 sit
1665 528 1887 572 saevust.

506 613 523 639 ‘
555 604 884 666 Periculum
911 623 985 663 ex
1015 604 1185 665 aliis!
1265 604 1400 664 Huc
1429 606 1682 685 pertinet
1705 608 1854 668 illud
1884 608 2194 671 Menandri
2219 631 2235 671 :

506 703 748 761 Βλέπων
773 700 1108 778 πεπαίδευμ’
1135 705 1213 760 εἰς
1239 706 1309 762 τὰ
1338 713 1447 762 τῶν
1475 705 1672 763 ἄλλων
1700 706 1860 766 κακά.

506 797 673 857 Mala
696 798 930 858 intuens
961 797 1223 873 aliorum,
1253 799 1465 859 doctus
1494 820 1611 881 ego
1640 800 1739 860 fui.

1343 940 1482 1002 Act.
1513 960 1595 1003 11.
1637 944 1737 1006 Sc.
1769 963 1851 1006 11.

504 1059 522 1087 ‘
549 1052 824 1125 Occasi0,
851 1051 1060 1127 locus‚'
1087 1056 1200 1112 &c.
1284 1053 1647 1116 Menander:

505 1151 697 1225 Μικρὰ
719 1152 989 1231 πρόφασίς
1016 1152 1137 1214 ἐστι
1164 1157 1259 1211 τοῦ
1294 1158 1497 1229 πρᾶξαι
1520 1164 1713 1214 κακῶς.

505 1245 600 1305 Ad
627 1264 803 1326 prave
833 1245 1146 1326 agendum,
1173 1265 1355 1327 parva
1384 1247 1530 1309 satis
1558 1250 1791 1311 occasio
1821 1259 1933 1312 est.

1332 1410 1468 1470 Act.
1499 1430 1579 1471 11.
1638 1411 1736 1471 Sc.
1770 1429 1882 1476 111.

505 1530 524 1558 ‘
550 1523 867 1584 Texentem
895 1522 1075 1583 telam
1102 1522 1406 1598 studiose‚’
1446 1528 1560 1585 διο.
1645 1524 1976 1585 Menander
2021 1524 2182 1606 apud
2224 1524 2296 1585 P.
2326 1524 2547 1587 Victor.
2594 1525 2698 1584 lib.
2788 1512 2800 1522 ’

589 1640 689 1680 rx.
719 1639 850 1699 cap.
889 1621 984 1680 15.
1013 1619 1155 1681 Var.
1186 1618 1347 1680 Lect.

505 1718 597 1791 Ἐξ
620 1718 869 1796 ἶσταρίου
899 1719 1010 1796 γὰρ
1039 1719 1307 1796 ἐκρέματο
1334 1719 1645 1798 φιλοπόνως
1671 1720 1869 1796 πάνυ..

505 1814 781 1874 Animum
810 1833 847 1872 a
873 1813 994 1873 tela
1025 1833 1381 1893 suspensum
1409 1816 1649 1876 omnino
1679 1815 1944 1876 studiose
1972 1816 2324 1894 occupabat.

506 1916 524 1945 ‘
556 1912 690 1970 Una
718 1909 997 1971 ancillula
1023 1909 1187 1983 erat‚'
1214 1914 1326 1970 διο.
1410 1910 1744 1972 Menander
1774 1910 1932 1992 apud
1973 1910 2328 1975 Politianum
2354 1930 2369 1968 :

507 2008 627 2068 Κᾶὶ
655 2009 978 2086 θεραπαινὶς
1001 2004 1072 2077 ἦν
1106 2011 1229 2085 μία·
1279 2009 1419 2080 αὕτη

505 2104 817 2186 Συνῦφαινε
838 2106 1089 2182 ῥυπαρῶς
1116 2102 1455 2185 διακειμένη.

508 2199 587 2260 Et
612 2218 732 2259 una
759 2197 1039 2258 ancillula
1065 2208 1226 2266 erat:

509 2296 681 2368 Haec,
707 2294 932 2355 sordidi
961 2294 1139 2354 animi
1167 2293 1368 2374 plena,
1395 2303 1684 2356 texturam
1712 2315 1833 2357 una
1859 2296 2134 2358 faciebat.

509 2399 527 2427 ‘
559 2389 812 2452 Facinus
843 2410 1123 2472 magnum
1152 2401 1211 2451 et
1238 2392 1660 2454 memorabile.'
1739 2393 2112 2456 Menander:

511 2490 696 2563 Μέγα
722 2493 814 2547 καὶ
840 2488 1176 2568 περιβόητον
1203 2491 1390 2565 ἔργον.
1900 2500 1905 2506 ’

509 2591 526 2617 ‘
555 2584 627 2643 In
656 2603 852 2645 aurem
881 2584 1159 2645 utramvis
1185 2595 1253 2647 ut
1283 2584 1587 2646 dormias!
1671 2585 1957 2647 Menand.
1991 2585 2267 2647 Plautio:
2293 2617 2301 2625 ·

506 2684 632 2744 Ἐπ’
656 2686 1000 2763 ἀμφοτέραν,
1029 2683 1103 2744 ἵν’
1128 2683 1418 2760 ἐπίκληρος
1444 2679 1502 2767 ᾖ,
1531 2687 1734 2761 μέλλει
1765 2681 2147 2754 καθευδήσειν.

507 2781 580 2841 In
608 2798 806 2841 aurem
837 2788 1165 2859 utramque,
1193 2778 1675 2859 quandoquidem
1704 2779 1912 2840 dotata
1939 2788 2051 2852 est,
2076 2780 2277 2838 cubet.

508 2884 526 2911 ⁴
553 2878 622 2936 In
650 2897 784 2937 eum
802 2877 929 2956 jam
952 2896 1045 2936 res
1074 2877 1247 2937 rediit
1272 2876 1489 2950 locum,
1514 2886 1584 2937 ut
1611 2876 1689 2936 sit
1716 2875 2002 2937 necesse!
2083 2873 2413 2936 Menander
2438 2895 2453 2933 :

508 2973 663 3050 Τρία
691 2978 802 3050 γάρ
830 2976 970 3045 ἐστι,
994 2972 1262 3045 δέσποτα,
1294 2971 1363 3031 δι’
1391 2969 1472 3031 ὦν
1499 2975 1729 3032 ἅπαντα
1757 2978 2043 3048 γίγνεται·

493 3064 580 3124 Ἢ
606 3072 744 3128 κατὰ
772 3071 992 3148 νόμους,
1018 3069 1055 3138 ἢ
1079 3076 1201 3129 ταῖς
1224 3072 1520 3144 ἀνάγκαις,
1548 3072 1655 3144 ἥγε
1682 3071 1890 3148 τρίτον,
1919 3072 2034 3130 ἔθει
2059 3073 2185 3129 τινί.

510 3162 608 3221 Ad
635 3181 728 3223 res
759 3164 1048 3243 gerendas
1075 3162 1168 3223 his
1198 3165 1382 3225 tribus
1412 3164 1835 3245 compellimur,

511 3258 903 3333 Necessitate,
941 3258 1095 3340 lege,
1125 3260 1577 3322 consuetudine.

1344 3415 1480 3476 Act.
1513 3435 1596 3477 11.
1647 3417 1748 3476 Sc.
1783 3436 1867 3476 ιν.

512 3533 530 3561 ‘
562 3526 790 3586 Formoe
818 3545 1011 3586 mores
1039 3525 1378 3586 consimiles
1405 3527 1600 3587 sient.’
1684 3525 2011 3594 Menander
2038 3524 2196 3605 apud
2229 3524 2533 3584 stobaeum
2559 3546 2577 3585 :

500 3622 691 3684 Ὅταν
715 3630 877 3702 φύσει
900 3624 963 3684 τὸ
989 3624 1192 3682 κάλλος
1217 3625 1509 3703 ἐπικοσμεῖ
1543 3626 1739 3701 τρόπος,
2380 3615 2391 3622 ”

511 3719 779 3795 Χρηστός,
808 3720 1116 3780 διπλασίως
1141 3724 1388 3797 προσιὼν
1410 3723 1720 3783 ἁλίσκεται.

513 3815 768 3882 Quando
794 3836 987 3877 mores
1016 3815 1220 3875 faciles
1248 3816 1501 3875 naturali
1527 3817 1732 3876 formae
1760 3823 2030 3875 ornatum
2072 3810 2347 3884 afferunt,
2399 3812 2704 3874 ventitans

594 3910 904 3989 dupliciter
931 3914 1178 3992 capitur.

514 4013 533 4041 ‘
565 4007 693 4066 Nos
722 4026 958 4087 quoque
986 4027 1157 4068 senes
1186 4017 1280 4066 est
1304 4024 1541 4084 oequum
1571 4005 1806 4065 senibus
1836 4003 2123 4084 obsequi!
2205 4003 2580 4064 Menander:

512 4101 701 4180 Γέρων
724 4108 945 4181 γέροντι
964 4108 1239 4180 γλῶσσαν
1265 4100 1498 4173 ἡδίστην
1524 4101 1665 4179 ἔχει.

514 4199 666 4260 Παῖς
691 4198 870 4273 παιδὶ,
907 4203 997 4260 καὶ
1026 4202 1247 4275 γυναικὶ
1272 4200 1584 4276 πρόσφορον
1612 4204 1772 4271 γυνή.
