3050 4942
904 395 1002 445 na
1050 391 1330 442 Marius
1377 389 1918 442 TssReN'mANis.
2181 413 2186 418 -
2386 371 2517 438 253

304 551 426 601 tum
470 539 532 598 in
569 536 779 598 ultima
810 538 1010 609 habet,
1059 549 1271 619 proeter
1297 535 1533 598 unicam
1559 535 1744 610 illam,
1773 532 1999 594 virum:
2042 532 2222 613 idque
2249 543 2407 597 recte
2436 534 2512 595 ob

305 655 560 717 sequens
592 636 929 706 encliticon,
958 656 1114 715 quet
1165 634 1328 715 quod
1370 634 1465 695 bic
1496 634 1676 694 semel
1708 633 1950 705 dictum,
1979 632 2040 691 in
2070 632 2346 692 Terentio
2372 651 2514 711 pas-

301 736 410 795 sim
439 734 585 805 fieri,
615 732 1067 794 animadvertes.
1160 732 1328 792 Idem
1356 731 1620 793 efficiunt
1652 750 1766 802 Mis,
1795 750 1900 801 TE,
1931 748 2044 789 snt
2092 728 2368 790 Miseram
2399 750 2514 814 me,

303 832 470 911 quod
498 832 741 892 verbum
774 828 999 889 audio?
1047 829 1265 908 quippe
1305 826 1438 888 haec
1467 827 1714 899 Latinis,
1743 834 1811 885 ut
1838 825 2038 897 etiam,
2068 844 2213 898 rem,
2239 825 2515 890 enclitica

304 938 469 1001 sunt,
500 941 568 989 ut
592 927 822 988 Graecis
866 927 1006 998 ME,
1046 927 1165 987 ΣΕ.
1249 925 1473 985 Eadem
1502 934 1598 984 est
1623 934 1684 984 et
1707 921 2181 1001 interrogationis
2209 921 2337 991 vis;
2390 922 2513 983 sive

304 1042 442 1084 cum
472 1044 548 1085 ne
577 1024 874 1096 enclitico,
901 1023 1026 1084 sive
1049 1024 1274 1102 absque
1298 1042 1396 1082 ne.
1456 1021 1524 1080 In
1549 1020 1663 1081 hac
1690 1020 1869 1100 igitur
1891 1017 2305 1084 concinnitatis
2333 1018 2512 1079 laude

298 1121 563 1201 palmam
590 1121 860 1180 omnibus
890 1118 1197 1198 praeripuit
1221 1117 1570 1185 Terentius;
1601 1136 1849 1196 eamque
1878 1125 1946 1175 ut
1973 1116 2255 1194 consequi
2283 1124 2508 1197 posset,

298 1226 369 1277 ut
395 1230 459 1277 et
484 1218 699 1277 vetitos
728 1217 882 1278 ictus
913 1215 1216 1295 effugeret,
1234 1221 1306 1275 ’et
1327 1213 1619 1276 vocabula
1641 1224 1837 1274 tamen
1869 1205 2333 1292 significantiora
2361 1233 2514 1274 sem-

303 1333 413 1394 per
443 1315 555 1374 sub
584 1314 706 1374 ictu
734 1322 1016 1392 poneret;
1069 1332 1187 1372 non
1233 1311 1456 1371 minore
1501 1310 1701 1371 studio
1739 1309 2081 1391 judicioque
2108 1310 2288 1369 verba
2312 1309 2514 1390 dispo-

303 1412 448 1483 suit,
490 1419 552 1468 et
579 1429 616 1468 a
642 1428 836 1489 prosae
863 1407 1145 1470 orationis
1173 1407 1380 1469 ordine
1408 1406 1686 1468 decenter
1728 1406 1981 1479 invertit,
2020 1425 2204 1487 quam.
2238 1406 2515 1472 mirificus

303 1505 365 1564 in
393 1505 511 1565 bac
539 1505 782 1564 materie
809 1504 1019 1565 artifex
1045 1506 1173 1583 ipse
1198 1503 1505 1583 Virgilius.

383 1600 731 1661 Priscianus
761 1600 847 1661 de.
864 1600 1133 1662 versibus
1163 1599 1407 1660 comicis
1438 1609 1656 1673 narrat,
1688 1605 1705 1635 ‘
1727 1599 1909 1660 fuisse
1937 1598 2252 1679 quosdam,
2279 1600 2381 1680 qui
2411 1599 2514 1660 ab·

305 1707 599 1778 negarent
628 1698 750 1757 ulla
778 1717 910 1758 esse
939 1696 1001 1756 in
1028 1696 1286 1757 Terentii
1318 1695 1635 1757 Comoediis
1668 1705 1894 1755 metra:
1935 1694 2026 1755 vel
2076 1715 2167 1768 ea,
2210 1700 2381 1775 quasi
2422 1718 2517 1757 ar-

301 1813 457 1854 eana
486 1793 764 1873 quaedam
794 1805 855 1853 et
882 1795 956 1853 ab
984 1793 1253 1855 omnibus
1283 1792 1477 1852 doctis
1508 1801 1757 1863 semota,
1799 1791 1912 1850 sibi
1940 1791 2083 1851 solis
2113 1811 2246 1852 esse
2274 1794 2516 1873 cognita

303 1889 764 1949 confirmarent!
846 1888 1072 1948 Ibidem
1102 1888 1204 1961 ait,
1256 1895 1272 1923 ‘
1301 1887 1525 1947 Omnes
1557 1886 1794 1966 quidem
1826 1887 2103 1947 Comicos
2129 1889 2346 1949 crebris
2375 1911 2518 1972 syn-

302 1983 554 2064 aloephis
585 1998 646 2044 et
673 1983 1130 2066 episynaloephis
1164 1995 1226 2044 et
1257 1979 1680 2045 'collisionibus
1710 1994 1771 2043 et
1798 1984 2225 2064 abjectionibus
2257 1989 2299 2046 S
2329 1988 2515 2049 literae

299 2082 493 2143 fuisse
542 2101 688 2141 usos
735 2081 1081 2142 scandendo
1128 2100 1332 2141 versus
1384 2099 1560 2148 suos3
1604 2081 2016 2141 Tssann'rmm
2074 2101 2304 2144 aarum
2351 2105 2515 2154 rpus

309 2181 660 2238 OMNIBU80'
737 2178 956 2238 Verum
986 2177 1250 2257 profecto
1277 2176 1392 2237 hoc
1419 2181 1551 2244 est}
1594 2186 1654 2237 et
1681 2196 1865 2237 causa
1907 2180 2102 2251 unica,
2144 2199 2251 2239 cur
2293 2181 2516 2262 magis-

300 2273 432 2335 telli
488 2273 589 2340 isti
636 2271 730 2333 vel
783 2283 1073 2353 negarent
1118 2283 1303 2335 metra
1346 2294 1477 2334 esse
1524 2273 1685 2354 apud
1734 2272 2038 2349 Nostrum,
2084 2276 2174 2336 vel
2205 2289 2272 2337 ut
2299 2298 2517 2339 arcana

303 2370 590 2450 quaedam
630 2370 1022 2431 venditarent.
1107 2371 1284 2441 Quod
1316 2391 1455 2432 vero
1481 2370 1580 2431 hic
1608 2372 1869 2451 queritur
1898 2382 1960 2433 et
1986 2373 2323 2435 criminatur
2350 2395 2517 2456 mag-

303 2486 420 2527 nus
451 2465 894 2546 grammaticus,
937 2485 1056 2527 non
1104 2468 1307 2527 vitium
1353 2479 1467 2542 est,
1510 2467 1618 2528 sed
1647 2468 1833 2529 virtus
1857 2469 2116 2530 Terentii
2142 2471 2369 2553 prima:
2413 2474 2515 2552 qui

307 2561 691 2642 synaloephas
717 2562 851 2622 illas
881 2562 1024 2623 data
1052 2582 1234 2644 opera
1259 2572 1640 2623 consectatus
1672 2573 1802 2631 est:
1845 2584 1966 2644 quo
1996 2565 2243 2645 syllabae
2287 2567 2513 2627 ultimae

304 2656 703 2739 liquescerent
729 2661 1246 2740 coalescerentque
1273 2680 1408 2723 cum
1448 2660 1867 2740 sequentibus3
1921 2667 2109 2740 e‘oque
2141 2660 2301 2722 vetiti
2330 2682 2400 2723 ac
2429 2661 2515 2722 vi·-

303 2754 442 2818 tiosi
473 2755 533 2813 in
566 2755 782 2817 ultimis
810 2758 962 2819 ictus
993 2755 1304 2815 artificiose
1332 2756 1753 2835 effugarentur.
1817 2756 1932 2816 Hae
1959 2777 2099 2817 vero
2127 2758 2513 2838 synaloephae,

309 2870 448 2930 quae
478 2854 754 2913 tenebras
789 2853 928 2914 olim
969 2852 1272 2933 magistris
1319 2852 1677 2926 offuderunt,
1711 2852 1835 2932 jam
1887 2853 1945 2912 in
1987 2862 2193 2940 nostra
2235 2853 2513 2928 editione,

309 2949 756 3027 percussionum
783 2949 1108 3011 intervallis
1140 2950 1443 3028 distincta,
1485 2971 1561 3012 ne
1597 2950 1792 3031 pueris
1821 2949 2060 3031 quidem
2093 2950 2397 3031 negotium
2424 2951 2512 3011 fa·

310 3056 574 3105 cessent.

391 3140 611 3201 Totum
641 3151 834 3204 autem
855 3143 993 3216 hoc,
1014 3146 1176 3224 quod
1205 3147 1279 3206 de
1308 3146 1429 3207 ictu
1458 3147 1519 3206 in
1542 3146 1764 3209 ultimis
1787 3144 2030 3228 syllabis
2059 3155 2300 3205 cautum
2328 3145 2512 3206 fuisse

311 3231 590 3310 diximuS‚
633 3238 707 3300 de
758 3241 1023 3301 secunda
1065 3251 1296 3302 tantum
1324 3244 1569 3303 trimetri
1599 3243 1827 3321 διποδίᾳ
1853 3241 2244 3323 capiendum3
2288 3261 2422 3301 nam
2452 3242 2512 3301 in

312 3334 505 3414 prima
531 3345 594 3394 et
619 3335 791 3397 tertia
819 3357 1049 3418 semper
1078 3338 1282 3406 licuit:
1327 3339 1619 3418 siquidem
1659 3342 1774 3401 ista
1818 3342 1944 3400 sine
1973 3339 2148 3400 venia
2177 3340 2512 3400 conclama·

312 3440 438 3490 tum
467 3442 782 3512 actumque
811 3443 938 3494 erat
965 3434 1039 3493 de
1060 3434 1365 3495 Comoedia
1391 3436 1824 3517 Tragoediaque
1855 3436 2085 3499 Latina.
2168 3436 2319 3496 Cum
2337 3436 2514 3518 igitur

311 3524 471 3589 huuc
502 3548 736 3588 versum
765 3530 1103 3611 similesque
1133 3532 1293 3611 apud
1324 3532 1608 3593 Nostrum
1638 3532 1853 3593 videris
1878 3553 1894 3593 z

557 3682 784 3743 Malum
812 3683 974 3763 quod
1001 3683 1098 3744 isti
1129 3684 1208 3744 Di
1238 3679 1502 3763 Deaeque
1526 3682 1733 3743 omnes
1764 3682 1976 3742 duint:

314 3851 459 3894 cave
488 3833 630 3894 vitio
677 3834 739 3895 id
786 3838 997 3918 poetae·
1029 3836 1315 3904 verteris;
1358 3835 1490 3909 etsi,
1541 3834 1793 3910 Malum,
1830 3835 1980 3895 illud
2007 3845 2088 3909 et,
2117 3833 2345 3908 omnes,
2372 3834 2512 3904 siin

314 3930 614 3990 communi
658 3931 788 4010 quis
819 3950 1086 3992 sermone
1115 3931 1201 3991 sic
1231 3932 1509 4005 acuisset,
1557 3930 1882 3992 deridiculo
1908 3931 2139 3991 fuisset.
2223 3930 2512 3990 Nimirum

315 4044 487 4086 aures
515 4025 609 4085 vel
639 4026 837 4087 invitae
874 4028 1162 4106 patienter
1205 4026 1266 4087 id
1307 4028 1596 4102 ferebant,
1640 4029 1763 4089 sine
1790 4020 2011 4108 quone
2038 4047 2158 4086 una
2185 4026 2421 4107 quidem
2449 4027 2511 4085 in

315 4120 542 4181 Fabula
592 4142 771 4183 scena
815 4133 1049 4204 poterat
1089 4123 1331 4184 edolari.
1420 4124 1579 4193 Quin
1624 4134 1683 4183 et
1727 4123 1971 4184 Graecos
1999 4125 2159 4203 ipsos
2189 4121 2395 4183 eadem
2423 4133 2511 4184 te-

318 4220 444 4280 nuit
471 4220 818 4293 necessitas,
863 4219 1071 4282 eadem
1099 4240 1281 4300 passa
1307 4230 1401 4283 est
1426 4220 1817 4301 indulgentia.
1902 4221 2053 4281 Cum
2082 4218 2508 4314 Aristophanes

318 4310 483 4388 dixit,
