3050 4942
548 381 682 452 524
970 451 979 462 ,
1297 398 1358 446 1³.
1407 396 1774 447 'rausum
1824 395 2001 448 Arar

552 541 689 610 ΡΑ.
736 540 1082 626 Siquidem
1107 537 1280 606 istuc
1308 541 1583 624 impune
1617 542 1947 607 habueris.
2022 539 2161 605 ΡΥ.
2209 536 2455 606 Verum
2475 540 2511 603 Ἰ
2600 538 2730 605 ΡΑ.

811 643 1121 709 Reddam
1147 642 1385 709 hercle.
1473 643 1612 707 PY.
1658 642 1892 708 Credo.

552 745 689 811 Sed
718 747 789 811 in
815 746 994 811 diem
1017 747 1213 823 istuc,
1241 744 1594 825 Parmeno,
1621 753 1724 812 est
1749 747 2063 824 fortasse,
2092 744 2279 830 quod
2311 745 2635 809 minitare.

552 850 664 915 Tu
682 848 827 932 jam
854 847 1204 933 pendebiS,
1228 847 1343 930 qui
1370 849 1651 913 stultum
1682 847 2257 913 adolescentulum
2283 846 2599 911 nobilitas
2654 845 2736 909 20

555 951 888 1034 Flagitiis,
917 956 987 1015 et
1014 950 1299 1015 eundem
1328 950 1631 1016 indicas:
1674 955 1950 1034 uterque
1975 950 2046 1013 in
2068 955 2131 1015 te
2160 950 2478 1033 exempla
2508 948 2722 1013 edent.

540 1051 693 1117 ίΡΑ.
741 1053 988 1118 Nullus
1018 1071 1186 1116 snm.
1272 1052 1413 1117 ΡΥ.
1460 1051 1604 1116 Hic
1631 1068 1751 1136 pro
1779 1051 1904 1116 illo
1943 1069 2206 1116 munere
2235 1051 2362 1115 tibi
2390 1049 2613 1115 honos
2642 1053 2738 1116 est

808 1154 1106 1219 habitus:
1153 1155 1341 1219 abeo.

552 1256 687 1322 ΡΑ.
733 1256 1019 1339 Egomet
1044 1273 1198 1319 meo
1229 1255 1502 1334 indicio,
1531 1257 1752 1335 miser,
1783 1256 1977 1341 quasi
2007 1274 2229 1334 sorex,
2256 1254 2463 1320 hodie
2495 1252 2684 1338 perii.

553 1456 655 1505 ΡΑ.
687 1456 746 1506 δί·
766 1457 1022 1521 quidemid
1042 1459 1245 1509 inulam
1263 1460 1448 1522 tuleris,
1479 1464 1583 1509 tum
1617 1460 1802 1508 demum
1835 1458 1887 1507 id
1919 1460 2122 1523 lepidum
2146 1458 2237 1511 tibi
2255 1460 2578 1512 uider-idiens-
2640 1458 2736 1507 Pr.

554 1520 707 1576 Quasi
727 1537 834 1572 vero
852 1525 905 1573 id
926 1525 1063 1573 ualde
1092 1530 1310 1573 mettum.
1373 1526 1472 1573 ΡΑ.
1507 1524 1614 1573 Par
1645 1524 1733 1572 tibi
1767 1523 1918 1574 hercle
1947 1525 2162 1585 reseratu.
2231 1527 2336 1576 ΡΥ.
2372 1526 2548 1586 Credo,
2583 1526 2662 1573 sed
2690 1522 2738 1570 ia

547 1586 737 1647 longam
755 1587 879 1637 diem
888 1586 1023 1648 sorte
1039 1589 1219 1638 accidet
1234 1591 1371 1652 illud,
1388 1590 1510 1652 quod
1527 1588 1662 1637 nobis
1681 1588 1917 1638 minitaris
1931 1606 1947 1637 .-
1981 1590 2150 1651 tuJum
2162 1592 2369 1653 pendens
2397 1604 2424 1639 e
2453 1589 2590 1639 trube
2605 1602 2739 1649 oopu-

544 1650 685 1716 1ubis,
699 1652 781 1714 qui
800 1653 1142 1716 imprudentem
1160 1656 1491 1704 adolescentem
1510 1658 1769 1717 spectatum
1789 1658 1838 1701 et
1858 1653 2093 1715 insignem
2110 1654 2330 1719 flagitiis
2357 1655 2540 1715 reddis,
2562 1658 2610 1702 et
2638 1666 2737 1700 em·

549 1716 656 1764 dem
686 1716 831 1766 etium
858 1718 1038 1781 prodis,
1075 1723 1122 1766 et
1152 1719 1416 1768 denuntias.
1487 1718 1707 1781 Uterque,
1734 1723 1872 1782 puter
1890 1719 2105 1782 etfilius,
2126 1720 2178 1769 in
2199 1724 2246 1769 te
2261 1735 2425 1797 ἕνεκα
2445 1718 2737 1790 exercebunt,

550 1782 774 1843 qusint
800 1783 1068 1832 docmento
1085 1784 1270 1847 ceteris,
1287 1797 1348 1833 ne
1366 1783 1656 1846 deliutquant.
1719 1783 1824 1833 ΡΑ.
1861 1783 2012 1833 Perii.
2077 1784 2183 1833 ΡΥ.
2217 1783 2467 1845 &modi
2485 1784 2629 1832 honos
2655 1780 2739 1829 tib

549 1850 600 1893 et
619 1846 900 1907 panarium
916 1848 1141 1910 defer-w,
1156 1864 1245 1912 pro
1267 1848 1513 1909 Eunucho,
1536 1861 1672 1911 quem
1691 1849 1810 1897 dono
1837 1847 2009 1897 Thaidi
2028 1849 2289 1899 addit-visti.
2350 1849 2578 1899 Discedo.
2641 1845 2735 1895 ΡΛ.

548 1909 757 2023 ἐξίτω
786 1912 1099 2028 1³3qu
1123 1913 1413 1963 sermonibus
1444 1913 1579 1976 meis,
1611 1912 1746 1976 qnasi
1780 1919 2134 1976 soreaeoccentu
2165 1912 2734 1978 dormitatum,

676 1989 938 2039 pertinetem
1080 1992 1117 2026 t.

552 2239 816 2301 Euge—18
850 2239 1068 2290 Ovidius
1088 2241 1309 2304 plenius,
1331 2240 1510 2291 Amor.
1527 2257 1567 2292 1.
1592 2249 1642 2294 6.
1664 2248 1748 2295 28.
1780 2243 1798 2271 ‘
1818 2243 1999 2293 Redde
2019 2241 2226 2296 vicem.²
2288 2241 2372 2291 Ita
2393 2246 2448 2291 et
2472 2235 2740 2289 Petronius

552 2317 653 2350 non
684 2305 860 2353 semel.
925 2303 1030 2353 Sed
1065 2312 1121 2353 et
1162 2307 1212 2352 in
1255 2306 1563 2369 quibusdam
1597 2308 1745 2358 libris
1783 2316 1893 2358 est:
1943 2310 2158 2358 Reddam
2194 2308 2347 2358 hercle
2381 2307 2551 2355 vicem.
2584 2303 2737 2352 West·

553 2367 568 2393 ‘
587 2367 811 2416 Verum’
832 2367 1096 2416 irridentis
1119 2377 1217 2430 est,
1250 2369 1326 2418 uti
1348 2370 1471 2419 dein
1499 2372 1515 2399 ‘
1533 2372 1725 2422 credo.'
1759 2373 1877 2435 Bip.
1945 2374 2062 2422 Non
2101 2373 2420 2435 interrogant
2458 2376 2583 2435 post
2612 2369 2628 2396 ‘
2646 2367 2738 2414 Ve-

554 2431 695 2479 rum'
720 2432 812 2481 Br.
836 2439 890 2480 et
914 2439 1102 2482 nostrae
1126 2432 1377 2484 edd—19
1410 2434 1630 2497 Antiqui
1652 2436 1774 2486 libri
1797 2439 1993 2487 mutare.
2030 2438 2120 2486 Fa.
2186 2438 2258 2486 Et
2298 2434 2534 2499 plerique
2571 2430 2736 2482 nostri·

550 2496 699 2546 Bent.
763 2497 1003 2547 Minitare
1023 2504 1189 2547 metro
1211 2499 1502 2549 adversum.
1536 2501 1653 2564 Rip.
1719 2502 1916 2551 Minore
1938 2502 2093 2553 Bent.
2116 2501 2237 2564 Bip.
2274 2500 2429 2550 Both.
2453 2499 2734 2550 Fert—eo.

550 2564 611 2609 21
649 2561 727 2611 M.
750 2567 807 2611 et
827 2561 1013 2612 Boend.
1038 2577 1154 2611 cum
1188 2571 1411 2626 quatuor
1432 2565 1570 2616 Pan.
1609 2572 1665 2615 et
1698 2565 1819 2616 edd.
1858 2567 2141 2629 veteribus,
2171 2565 2469 2615 denobilitus.
2536 2562 2736 2612 Scilicet

552 2633 609 2674 et
631 2626 879 2676 ‘nobilis’
903 2634 959 2676 et
994 2627 1272 2677 ‘nobilito’
1306 2629 1360 2678 in
1399 2629 1629 2693 pejorem
1668 2636 1871 2693 partem
1908 2632 2146 2681 sumitur.
2186 2631 2341 2681 West.
2407 2629 2473 2677 In
2497 2629 2734 2677 alteroex

549 2689 630 2738 his
653 2692 853 2740 numeri
875 2692 1009 2741 male
1028 2706 1087 2740 se
1107 2692 1322 2756 habent,
1350 2692 1404 2742 in
1427 2702 1647 2758 utroque
1670 2696 1947 2745 sententia.
2015 2697 2247 2758 Repone,
2281 2696 2354 2744 Tu
2373 2692 2482 2754 jum
2508 2689 2736 2755 pendebss·

550 2755 713 2815 statue,
746 2756 827 2818 qui
846 2757 1240 2806 adulescentulum
1260 2758 1481 2807 nobilitas
1502 2760 1752 2821 flagitiis,
1784 2764 1831 2809 et
1848 2760 1983 2823 putri
2003 2761 2188 2810 indicas
2205 2777 2223 2810 .·
2247 2764 2442 2822 uterque
2461 2756 2672 2820 exempla
2688 2753 2735 2802 ἃ

553 2823 601 2868 te
638 2811 794 2870 edent.
859 2820 965 2871 Cur
1003 2821 1265 2872 Cbaeream
1298 2825 1509 2873 stultum
1552 2831 1722 2886 vocet,
1756 2826 1896 2873 nulla
1933 2826 2067 2875 ratio
2104 2831 2219 2885 est;
2270 2838 2419 2889 quem
2458 2822 2601 2870 intus
2631 2820 2735 2883 ipsa

551 2890 775 2933 noverat·
791 2883 1017 2935 feliciter
1037 2899 1146 2935 rem
1178 2901 1379 2949 gerere.
1442 2887 1518 2937 At
1541 2889 1797 2938 Parmeno
1819 2891 2027 2953 stultus,
2060 2895 2120 2939 ut
2140 2889 2224 2938 hic
2246 2903 2322 2938 vs.
2346 2892 2395 2937 8.
2431 2889 2447 2916 ‘
2468 2886 2735 2949 Nunquam

553 2948 642 3011 pol
678 2948 932 3000 bominem
967 2951 1257 3000 stultiorem
1296 2952 1402 3000 vidi
1436 2966 1536 3001 nec
1575 2950 1800 3002 videbo!
1862 2955 2030 3003 Porro
2064 2955 2166 3004 duo
2207 2953 2438 3011 codices,
2475 2950 2736 3013 Regiuset

550 3010 917 3074 Academicus,
949 3019 995 3063 et
1016 3016 1210 3063 eundem
1240 3016 1607 3078 putriindicus:
1638 3018 1795 3080 unde,
1829 3026 1886 3067 ut
1917 3017 1998 3080 fit,
2033 3032 2131 3069 vox
2171 3017 2374 3067 advena
2409 3015 2734 3065 domesticam

552 3077 771 3140 expulit.
837 3078 951 3126 Nisi
973 3079 1108 3126 enim
1125 3080 1261 3141 patri
1282 3081 1526 3143 retineas,
1558 3082 1680 3146 quid
1705 3083 1788 3131 bic
1810 3080 1968 3132 faciet
1987 3088 2200 3146 uterque,
2231 3089 2288 3132 et
2313 3081 2448 3131 filius
2485 3086 2543 3130 et
2578 3086 2735 3143 pater,

550 3153 669 3188 cnm
693 3154 825 3189 nnus
846 3147 1046 3190 tantum
1068 3142 1394 3193 nominetur?
1457 3145 1701 3210 Denique
1720 3147 1887 3197 nostri
1905 3147 2128 3197 universi
2151 3162 2266 3196 cum
2288 3146 2410 3197 edd.
2430 3151 2563 3196 vett.
2592 3156 2737 3193 exem

545 3205 630 3267 plu
650 3203 703 3252 ia
724 3208 772 3253 te
788 3206 944 3254 edent.
977 3206 1138 3256 Bent.
1193 3205 1355 3256 Stulte
1377 3208 1533 3257 Bent.
1557 3218 1613 3259 et
1634 3211 1790 3260 Both.
1838 3213 1989 3275 Vulg.
2013 3213 2094 3275 qui
2111 3213 2310 3261 stultum
2328 3210 2736 3261 adokscentalun:

552 3282 657 3317 non
694 3276 856 3319 recte.
922 3269 1040 3320 GC.
1077 3270 1158 3334 qui
1194 3273 1394 3322 stultum
1426 3273 1577 3324 istum
1617 3276 1897 3326 denobilitans
1934 3278 2058 3326 adol.
2107 3277 2249 3326 Perl.
2314 3274 2547 3338 Refingit
2588 3274 2733 3322 Bent.

549 3334 714 3410 strnue,
747 3335 830 3398 qui
847 3336 928 3385 ud.
994 3335 1098 3385 Sed
1110 3335 1223 3399 jam
1243 3336 1368 3386 satis
1389 3339 1660 3388 stultitiam
1693 3355 1844 3390 servo
1879 3340 2150 3403 objecerat
2168 3360 2183 3402 ς
2215 3347 2271 3391 et
2301 3340 2489 3390 credas
2526 3339 2733 3388 stultum

550 3399 635 3448 bic
656 3399 761 3449 dici
782 3414 847 3449 ex
869 3414 1042 3451 amore
1065 3409 1120 3452 et
1141 3416 1207 3451 ex
1229 3402 1398 3465 prima
1416 3411 1575 3452 aetate
1590 3405 1968 3469 imprudentem
1988 3405 2275 3469 Clnaeream,
2289 3419 2393 3455 uon
2414 3403 2510 3452 nisi
2532 3408 2734 3453 auctore

552 3477 720 3539 servo·
744 3463 813 3516 ad
852 3466 965 3514 haec
1008 3464 1299 3530 impulsum.
1364 3468 1669 3520 Denobilitus
1708 3486 1738 3518 a
1775 3469 2141 3520 Grammaticis
2184 3469 2377 3519 foedum
2421 3473 2519 3518 est.
2588 3465 2731 3526 Vulg.

553 3528 749 3580 omittit
764 3531 932 3591 [ποινὴ
965 3531 1098 3579 unde
1122 3544 1245 3579 vero
1268 3531 1342 3582 sic
1362 3538 1589 3595 uterque?
1651 3534 1808 3583 Bent.
1840 3549 1961 3584 vero
2000 3535 2252 3599 expungit
2286 3535 2520 3592 eundem
2550 3531 2605 3580 iu
2639 3542 2731 3594 quo

555 3600 612 3642 et
631 3606 806 3642 omnes
824 3592 944 3643 libb.
970 3594 1300 3656 conveniunt,
1331 3611 1430 3646 nec
1453 3606 1669 3648 metrum
1695 3599 1913 3650 laeditur.
1949 3599 2067 3661 Bip.
2136 3600 2264 3649 Ede&
2300 3598 2496 3661 Delpb.
2567 3597 2728 3645 Exem-

548 3657 633 3720 pla
652 3656 705 3706 ia
724 3661 772 3707 te
791 3657 882 3708 Br.
948 3658 1245 3709 Bentleium
1268 3661 1473 3710 omnino
1505 3663 1740 3726 seqnitur
1761 3663 1917 3713 Both.
1984 3664 2207 3713 Videtur
2247 3664 2375 3727 Eng.
2409 3662 2593 3724 legisse
2628 3660 2728 3710 ado-

551 3722 942 3772 texentem—22
975 3723 1181 3787 Guyeto
1220 3738 1394 3774 versus
1430 3726 1514 3775 bic
1552 3727 1852 3778 subdititius
1893 3727 2126 3780 videtur:
2180 3728 2355 3790 credo,
2400 3726 2520 3792 quia
2561 3734 2726 3789 parum

554 3785 832 3837 intellexit.
896 3788 1036 3837 ‘Pro
1076 3789 1165 3838 illo
1203 3789 1455 3853 munere,’
1507 3803 1601 3854 pro
1641 3792 1910 3845 Eunucho.
1943 3792 2091 3846 Bene.
2161 3792 2312 3856 Abeo]
2360 3791 2564 3854 Explic.
2606 3786 2724 3840 GM.

549 3855 705 3913 patre,
739 3850 829 3900 Br.
870 3850 1082 3901 caereo.
1149 3854 1324 3916 Longe
1362 3855 1624 3904 aberrant.
1681 3855 1813 3907 Abeo
1847 3871 1948 3906 non
1976 3864 2076 3916 est,
2112 3857 2177 3906 ab
2211 3857 2333 3906 illo:
2367 3855 2481 3916 sed,
2510 3849 2725 3906 discedo.

554 3914 691 3966 Perl.
755 3914 969 3965 Habitus
988 3917 1047 3965 ab
1068 3917 1146 3980 eo]
1176 3917 1309 3968 Haec
1333 3917 1527 3969 codicis
1549 3922 1711 3969 nostri
1744 3922 1899 3971 lectio
1921 3920 1988 3971 ab
2009 3921 2122 3971 aliis
2145 3920 2298 3972 codd.
2319 3920 2563 3982 nondum,
2584 3927 2725 3985 quau·

556 3985 667 4030 tum
689 3980 815 4046 scio,
838 3981 1041 4046 prolata
1061 3988 1161 4033 est.
1226 3982 1356 4036 Abeo
1376 3982 1538 4035 babet
1556 3985 1747 4051 aliquid
1769 3984 1964 4051 frigidi.
1996 3987 2179 4040 Brutis.
2663 3985 2670 3989 ”
