3050 4942
488 342 617 410 170
1096 357 1527 409 σοᾼοιιιιωε
1576 358 1888 410 caussa
1904 360 2074 410 nius

490 510 553 562 et
577 499 830 581 pugiles,
873 510 941 563 ut
989 502 1185 564 Livius
1214 513 1520 577 memorat,
1566 502 1668 566 lib.
1698 523 1746 566 1.
1776 504 1879 584 qui
1906 517 1969 568 et
1993 505 2290 568 Ludorum
2319 503 2678 587 plebeiorum

490 598 846 660 mentionem
871 599 1013 661 fecit
1037 599 1136 661 lib.
1170 620 1435 663 xxvur.
1490 598 1658 663 Idem
1687 601 1909 677 Livius,
1929 622 2049 683 quo
2076 613 2338 683 tempore
2364 616 2424 665 et
2451 623 2570 682 qua
2599 602 2677 663 de

492 715 677 757 causa
717 696 967 758 instituti
1008 709 1071 760 et
1106 697 1255 757 Ludi
1287 697 1504 760 scenici
1535 697 1678 760 dicti
1709 698 1847 774 sint,
1887 700 2130 780 copiose
2156 700 2363 762 eadem
2391 721 2527 779 quse
2555 701 2679 759 Va-

491 794 669 855 lerius
708 794 910 856 retulit
934 795 1038 854 lib.
1069 813 1197 856 vn.
1256 794 1433 864 Quod
1461 804 1692 877 tempus
1722 806 1817 857 est
1846 796 2021 858 Urbis
2050 798 2279 858 circiter
2307 798 2443 857 309.
2512 796 2678 856 Idem

489 900 688 952 tamen
715 889 818 950 lib.
853 910 1104 951 xxxvr.
1133 890 1387 970 scripsit,
1436 893 1514 952 ob
1566 890 1995 955 dedicationem
2023 893 2169 956 sedis
2197 894 2407 954 Matris
2434 893 2680 972 Magnae

489 986 709 1067 primos
735 986 912 1050 ludos
960 989 1226 1052 scenicos
1274 989 1488 1063 factos,
1539 989 1838 1053 Valerium
1869 992 2167 1058 Antiatem
2197 1010 2332 1052 esse
2359 1000 2680 1063 auctorem,

491 1084 823 1165 Megalesia
861 1085 1214 1166 appellatos,
1255 1086 1416 1165 quod
1460 1096 1695 1167 tempus
1735 1086 1917 1150 distat
1941 1107 1979 1148 a
2003 1086 2194 1168 priore
2223 1087 2392 1148 annis
2419 1086 2682 1166 pluribus

497 1184 631 1246 165.
715 1182 925 1243 Cicero
953 1182 1177 1244 Livium
1208 1183 1495 1245 Fabulam
1522 1184 1819 1257 docuisse,
1864 1197 1932 1247 ut
1968 1183 2294 1257 retulimus,
2340 1183 2576 1263 scripsit
2614 1184 2681 1243 in

493 1280 697 1351 Brut0,
727 1290 789 1341 et
813 1280 1002 1361 prima
1026 1280 1208 1343 Tusc.
1234 1280 1491 1342 Claudio
1516 1292 1581 1343 et
1602 1280 1897 1343 Tuditano
1925 1282 2100 1344 Coss.
2142 1301 2299 1344 anno
2328 1282 2401 1342 U.
2433 1283 2509 1343 C.
2537 1283 2682 1341 410.

496 1378 629 1438 Hoc
660 1374 887 1439 Gellius
911 1378 1114 1440 retulit
1139 1378 1197 1439 in
1214 1398 1445 1449 ‚annum
1473 1382 1614 1443 510.
1661 1379 1916 1460 ideoque
1943 1378 2104 1442 fuere
2132 1378 2233 1459 qui
2261 1377 2418 1460 apud
2446 1378 2685 1438 Cicero-

493 1494 627 1538 nem
655 1493 928 1536 numeros
954 1475 1273 1537 mutandos
1303 1487 1632 1539 censerent.
1704 1477 1883 1547 Quod
1915 1477 2085 1540 nobis
2111 1477 2235 1541 fieri
2263 1484 2532 1557 oportere
2558 1492 2682 1533 non

492 1569 745 1644 videtur,
772 1591 906 1632 oum
933 1573 1060 1652 ipse
1089 1573 1298 1635 Cicero
1323 1573 1567 1646 indicet,
1595 1573 1745 1635 alios
1772 1574 1902 1636 hmo
1931 1573 2101 1636 aliter
2119 1573 2485 1653 exposuisse,
2506 1579 2566 1630 et
2586 1588 2682 1630 res

494 1668 615 1727 sint
638 1668 1127 1749 inexplicabiliter
1152 1672 1439 1733 confusae.
1523 1671 1669 1745 Sed,
1704 1682 2017 1752 postquam
2044 1690 2397 1752 componere
2426 1665 2685 1728 Fabulas

406 1771 409 1774 ’
493 1777 943 1844 argumentosas
970 1767 1387 1849 poetae-Latini
1414 1779 1740 1850 coeperunt,
1764 1779 2076 1850 sequentes
2107 1778 2169 1829 et
2193 1777 2490 1828 vertentes
2513 1764 2685 1823 Gree-

494 1883 695 1925 corum
723 1864 964 1946 scripta,
1011 1868 1073 1927 in
1121 1865 1238 1928 hoc
1284 1887 1499 1948 genere
1548 1886 1767 1947 magna
1807 1865 2048 1928 licentia
2072 1866 2165 1926 usi
2190 1866 2446 1928 fuerunt.
2529 1865 2686 1926 Cum

496 1971 692 2023 autem
720 1972 923 2024 essent
958 1962 1296 2026 Latinorum
1343 1966 1581 2046 propria
1622 1963 1897 2044 quaedam
1943 1965 2239 2045 poEmata,
2287 1972 2357 2023 ut
2381 1962 2688 2023 Atellano-

492 2076 646 2131 rum,
684 2057 956 2119 videntur
997 2060 1328 2121 libertatem
1367 2060 1532 2122 illam
1579 2061 1643 2121 in
1684 2060 1914 2124 Groecis
1955 2071 2017 2122 et
2058 2060 2281 2124 Latinis
2324 2059 2688 2141 argumentis

496 2156 691 2233 poetae
720 2154 931 2227 Latini,
969 2175 1088 2215 non
1119 2165 1241 2216 tam
1272 2157 1419 2235 fuga
1445 2157 1666 2217 laboris
1711 2167 1773 2217 et
1813 2157 2136 2238 cupiditate
2178 2156 2396 2218 edendi
2444 2175 2573 2229 sua,
2619 2163 2691 2216 ut

499 2249 782 2310 Horatius
810 2260 1001 2330 putat,
1042 2272 1221 2332 quam
1262 2254 1620 2315 necessitate
1667 2253 1927 2335 quadam
1976 2254 2352 2326 custodiisse,
2396 2273 2470 2313 ne
2517 2271 2688 2313 aures

497 2346 712 2406 civium
758 2346 1177 2428 peregrinitate
1222 2348 1679 2411 offenderentur.
1761 2351 1856 2412 Ita
1896 2350 2122 2411 factum
2167 2360 2336 2430 puto,
2379 2358 2449 2409 ut
2493 2367 2690 2427 neque

498 2441 655 2502 intra
672 2443 964 2505 trimetros
986 2446 1376 2519 constiterint,
1396 2465 1588 2525 neque
1607 2445 1951 2509 Graecorum
1970 2445 2414 2525 exquisitionem
2436 2453 2498 2507 et
2517 2444 2692 2524 quasi

500 2556 787 2613 normam,
816 2539 894 2601 ad
922 2561 1101 2621 quam
1128 2562 1405 2603 numeros
1433 2543 1518 2602 illi
1546 2553 1888 2623 exegerant,
1916 2543 1978 2602 hi
2007 2541 2311 2604 servarint.
2380 2540 2500 2601 Sed
2529 2560 2690 2599 nunc

502 2634 782 2717 deinceps
833 2638 910 2699 de
951 2640 1181 2701 ratione
1221 2640 1451 2716 horum,
1499 2651 1563 2702 et
1606 2640 1934 2701 carminum
1974 2639 2330 2701 comicorum
2375 2645 2692 2709 structura,

501 2752 638 2812 quse
674 2743 881 2797 nostra
919 2734 1231 2817 diligentia
1256 2737 1611 2813 observavit,
1651 2758 1904 2819 quoeque
1933 2735 2237 2817 postulare
2263 2733 2493 2796 videtur
2517 2733 2693 2795 lectio

504 2830 862 2894 Fabularum
893 2832 1256 2908 Latinarum,
1290 2834 1542 2897 breviter
1568 2834 1805 2915 quidem
1835 2833 2227 2895 disseremus:
2268 2833 2354 2893 ita
2379 2840 2697 2903 tamem-ut

502 2927 758 2989 fortasse
799 2928 1064 2991 nondum
1105 2933 1181 2991 ab
1219 2931 1349 2993 aliis
1385 2931 1791 2994 demonstrata
1831 2930 2181 2992 indicemus.
2266 2929 2461 2989 Metra
2486 2927 2696 3007 proeci-

502 3041 624 3105 pua
651 3032 791 3084 sunt
816 3044 1059 3095 novetm
1086 3026 1419 3101 iambicum,
1438 3028 1825 3103 trochaicum,
1846 3027 2224 3108 dactylicum,
2246 3024 2696 3106 anapoesticum,

502 3117 982 3193 choriambicum,
1010 3120 1483 3203 antispasticum,
1509 3124 1767 3186 ionicum
1789 3144 1827 3186 a
1845 3123 2084 3204 majore,
2113 3122 2368 3183 ionicum
2391 3140 2429 3181 a
2447 3120 2696 3191 minore,

504 3214 857 3295 paeonicum.
942 3218 995 3278 E
1022 3238 1270 3299 quorum
1291 3240 1543 3283 numero
1579 3241 1739 3284 nunc
1783 3222 2104 3284 eximemus
2146 3218 2460 3281 iambicum
2486 3226 2548 3278 et
2576 3226 2696 3275 tro·
2761 3230 2769 3241 ·

506 3311 796 3388 chaicum,
844 3313 1041 3396 deque
1086 3315 1159 3377 iis
1185 3338 1320 3397 quse
1347 3317 1701 3381 videbuntur
1729 3318 2011 3380 dicemus.
2093 3316 2419 3378 Iambicum
2447 3325 2696 3375 metrum

508 3426 545 3469 a
570 3409 829 3489 principe
857 3413 1012 3491 pede
1039 3432 1255 3473 nomen
1279 3414 1492 3475 habet:
1536 3415 1636 3497 qui
1687 3435 1725 3476 a
1771 3414 2056 3476 conviciis
2101 3411 2429 3494 appellatus
2457 3410 2590 3482 fuit,
2633 3419 2699 3468 ut

506 3504 705 3583 placet
728 3507 1062 3569 Aristoteli:
1091 3528 1344 3590 cumque
1374 3510 1451 3571 sit
1477 3511 1728 3572 maxime
1747 3510 2106 3572 conveniens
2128 3505 2493 3569 sermonibus
2514 3508 2698 3584 (nam,

507 3600 748 3666 fortuito
778 3604 957 3668 etiam
979 3605 1315 3687 loquentes,
1343 3605 1571 3668 iambos
1594 3608 1832 3668 crebros
1859 3605 2250 3686 proferimus),

754 3751 929 3811 Hunc
958 3750 1119 3811 socci
1146 3768 1355 3831 cepere
1380 3749 1618 3831 pedem,
1647 3749 2018 3830 grandesque
2047 3745 2339 3820 cothurni,

754 3847 1009 3908 Alternis
1038 3857 1239 3929 aptum
1268 3848 1658 3918 sermonibus,
1687 3855 1749 3905 et
1773 3845 2090 3925 populares

754 3943 1103 4008 '‘fine-‚entem
1131 3943 1433 4024 strepitus,
1461 3951 1525 4003 et
1550 3953 1754 4023 aptum
1779 3942 1953 4002 rebus
1982 3938 2251 4021 agendis,

518 4107 582 4155 ut
610 4099 694 4155 ait
722 4096 1023 4161 Horatius.
1104 4098 1240 4160 Hoc
1265 4118 1526 4170 carmen,
1559 4116 1694 4158 cum
1721 4116 1933 4177 purum
1959 4107 2056 4159 est
2081 4108 2142 4159 et
2167 4098 2483 4177 integrum,
2511 4091 2699 4154 omni-

518 4195 630 4251 hus
658 4195 714 4251 in
746 4195 894 4255 lucis
919 4193 1145 4257 iambos
1174 4195 1352 4257 habet
1373 4215 1390 4256 z
1412 4203 1501 4260 ,ut
1527 4193 1689 4275 apud
1717 4194 2057 4257 Catullum:

478 4615 640 4707 h.

638 4703 671 4719 ⁵-
