3050 4942
498 345 626 417 180
1104 361 1532 414 JoAcnmus
1579 361 2073 416 cAMsnAmus

497 517 673 576 ‘Jam
700 512 760 573 hi
787 508 914 571 am'
957 515 1050 568 est
1095 505 1345 579 iambus,
1383 505 1478 565 vel
1524 506 1721 565 soluta
1760 506 2013 568 dictione
2055 507 2270 581 ‘Jam,'
2308 507 2405 569 vel
2444 516 2676 568 retenta

499 613 667 673 litera
696 630 773 669 m.

658 739 821 806 Quot
841 732 1041 816 pondo
1066 731 1303 792 tedesse
1329 749 1538 793 censes
1566 731 1810 805 nudum,
1840 752 1961 793 non
1989 732 2221 813 aedepol
2248 733 2392 795 scio.

658 833 766 894 Ille
793 851 969 913 opere
995 829 1136 891 foris
1163 829 1443 890 faciundo
1471 829 1668 889 lassus
1696 840 1877 890 noctu
1905 828 2161 890 advenit.

657 931 1014 1007 Quanquam
1042 924 1222 984 invita
1250 934 1308 984 te
1337 925 1569 997 careb0,
1599 925 1854 986 animum
1883 945 1993 1005 ego
2022 925 2300 986 inducam
2328 935 2550 987 tamen.

655 1025 741 1085 Te
766 1023 891 1083 heri
915 1041 1008 1082 me
1034 1020 1271 1093 vidisse,
1298 1019 1397 1098 qui
1422 1019 1540 1081 hac
1558 1029 1741 1081 noctu
1768 1021 1830 1080 in
1858 1032 2089 1101 portum
2113 1021 2346 1083 advecti
2372 1041 2597 1082 sumus.

656 1120 1090 1199 Blepharonem
1117 1126 1186 1177 ut
1210 1136 1271 1177 re
1302 1115 1501 1176 divina
1528 1118 1688 1178 facta
1715 1137 1942 1179 mecum
1973 1119 2281 1199 prandeat.

660 1213 1034 1276 Nimis-bella
1059 1232 1124 1274 es
1152 1221 1329 1294 atque
1358 1212 1646 1285 amabilis,
1685 1222 1746 1273 et
1774 1213 1824 1273 si
1849 1215 1966 1274 hoc
1993 1226 2154 1276 esset
2179 1235 2373 1275 meum
2398 1214 2598 1274 hodie.

502 1354 621 1426 Qui
644 1372 849 1414 versus
875 1370 1081 1412 omnes
1111 1349 1380 1430 διαιρέσει
1412 1351 1692 1431 explicari
1738 1363 2035 1433 poterunt.
2121 1354 2460 1415 Contractio
2504 1354 2685 1434 sylla-

499 1455 706 1514 barum
746 1448 996 1511 crebrior
1038 1458 1151 1508 est.
1231 1445 1310 1507 Et
1342 1439 1612 1528 apparet,
1653 1448 1837 1509 fuisse
1888 1448 2150 1529 linguam
2201 1450 2464 1510 Latinam
2491 1450 2685 1534 magis

502 1557 700 1631 aptam
727 1545 804 1607 ad
829 1562 1007 1606 voces
1033 1543 1358 1625 cogendas,
1409 1563 1588 1624 quam
1634 1545 2069 1607 distrahendas.
2155 1546 2289 1607 Hoc
2331 1545 2476 1606 illud
2505 1546 2687 1607 etiam

498 1646 742 1719 indicat,
781 1642 944 1723 quod
992 1640 1441 1702 retulit·cieero
1488 1639 1591 1703 lib.
1646 1660 1723 1702 11.
1775 1642 1851 1703 de
1900 1642 2314 1703 Divinatione:
2357 1649 2374 1678 ‘
2400 1642 2549 1702 Cum
2595 1643 2686 1702 M.

503 1743 757 1803 Crassus
785 1736 1101 1802 exercitum
1130 1736 1450 1797 Brundusii
1477 1737 1823 1818 imponeret,
1864 1738 2104 1817 quidam
2154 1740 2213 1798 in
2259 1746 2433 1817 portu
2460 1738 2686 1798 caricas

503 1841 725 1901 Cauno‘
769 1837 1048 1898 advectas
1092 1833 1379 1907 vendens,
1417 1834 1715 1908 Cauneas,
1758 1833 2114 1895 clamitabat.
2220 1834 2547 1907 Dicamus?
2594 1834 2688 1893 in·

504 1935 635 2016 quit
661 1935 890 2006 Cicero,
932 1939 949 1968 ‘
977 1933 1027 1992 si
1067 1932 1282 2013 placet,
1321 1932 1603 1991 monitum
1643 1932 1717 1991 ab
1747 1950 1819 1992 eo
1849 1931 2151 2004 Crassum,
2177 1940 2409 1991 caveret
2433 1950 2507 1990 ne
2534 1929 2700 1990 iret!

504 2032 788 2093 Sonuisse
825 2030 981 2090 enim
1025 2040 1270 2108 apparet
1313 2026 1482 2099 illud,
1524 2034 1543 2061 ‘
1568 2026 1867 2097 cauneas,'
1907 2037 2279 2087 contractum
2325 2025 2458 2099 hoc,
2501 2031 2519 2060 ‘
2544 2045 2686 2085 cave
2724 2099 2730 2106 .

502 2151 580 2191 ne
606 2128 749 2189 eas!
830 2126 978 2186 Haec
1027 2123 1360 2183 indicantur
1406 2122 1741 2181 nominibus
1787 2126 2124 2204 συναλοιφῆς
2150 2131 2211 2182 et
2237 2124 2688 2202 ἑπισυναλοιφῆε.

507 2222 886 2305 Synaloephe,
930 2240 1066 2303 quae
1109 2230 1170 2279 et
1188 2227 1193 2232 ⁴
1211 2225 1527 2298 συναίρεσις
1551 2219 1780 2298 proprie
1810 2227 2070 2291 vocatur,
2113 2236 2250 2278 cum
2276 2217 2413 2278 duae
2442 2217 2688 2298 syllabae

503 2321 568 2380 in
593 2338 774 2380 unam
799 2315 982 2379 veluti
1008 2314 1334 2376 confluunt.
1419 2314 1500 2373 Ut
1526 2313 1779 2374 Phaeton
1809 2311 2224 2390 δισσύλλαβον,’
2251 2333 2357 2394 pro
2384 2313 2689 2395 trisyllabo

506 2417 816 2478 Pha’eton:

747 2529 901 2590 Cum
926 2538 987 2589 te
1013 2525 1307 2606 dejectum
1336 2523 1564 2585 crudeli
1587 2524 1849 2598 fulmine,
1876 2523 2191 2586 Phaethon.

507 2657 664 2721 Nam
690 2679 727 2720 a
753 2668 813 2721 et
839 2679 873 2719 e
899 2658 1111 2739 lingua
1130 2656 1339 2718 Latina
1365 2654 1800 2736 diphthongum
1826 2655 2071 2716 faciunt.
2135 2651 2393 2729 Deinde,
2421 2652 2690 2733 proinde,

506 2755 906 2832 δισσυλλάβωε
932 2756 1162 2816 Lucret.
1242 2750 1507 2813 Tandem
1553 2753 1821 2813 coierunt
1867 2749 2273 2832 τρισυλλάβως.
2353 2747 2535 2822 Nihil,
2564 2749 2688 2808 nil:

505 2854 671 2927 mihi,
698 2853 814 2913 mi:
856 2849 1047 2924 mehe,
1091 2869 1226 2910 me:
1269 2849 1319 2909 si
1359 2849 1470 2922 vis,
1513 2845 1631 2909 m?
1666 2849 1921 2924 ἔκθλιψιν
1948 2868 1986 2905 u
2015 2866 2122 2926 pro
2150 2855 2536 2918 consonante,
2566 2845 2687 2912 sis;

505 2948 606 3008 ille
633 2959 696 3009 et
722 2948 912 3020 terris,
957 2946 1103 3006 illet.
1187 2945 1549 3023 Sceptroque
1597 2943 1826 3003 innisus
1872 2943 2165 3003 eburneo:
2208 2942 2450 3003 eburno.
2533 2940 2689 3001 Pen-

510 3044 657 3105 dent
682 3043 883 3125 lychni
908 3040 1280 3122 laquearibus
1310 3040 1501 3099 aureis
1525 3058 1543 3098 z
1584 3036 2018 3113 δισσυλλάβωει

748 3169 922 3229 Libra
951 3168 1068 3229 diei
1095 3167 1402 3246 noctisque
1427 3185 1601 3248 pares
1627 3167 1729 3227 ubi
1755 3166 1961 3227 fecerit
1984 3165 2185 3226 horas.

450 3359 455 3362 .
511 3299 667 3372 Diei,
693 3299 804 3371 vel,
834 3297 952 3370 die,
982 3297 1214 3358 duabus
1242 3295 1507 3377 syllabis.
1587 3296 1732 3355 Tale
1762 3304 1842 3369 et,
1870 3294 1973 3367 rei,
2001 3299 2411 3380 συνῃρημένωε.

522 3440 533 3462 ·.
593 3395 693 3455 Sic
739 3394 857 3469 Dii,
900 3394 981 3453 Di
1022 3401 1200 3476 sunt:
1243 3401 1305 3452 et
1345 3392 1430 3466 iit,
1477 3391 1566 3451 it:
1607 3391 1904 3472 periimus,
1947 3391 2246 3470 perimus:
2290 3391 2696 3471 ἐπισυναλοιφὴ

510 3500 708 3551 autem
750 3488 983 3570 longius
1026 3496 1210 3569 patet,
1252 3507 1407 3561 cum,
1455 3486 1919 3566 qualescumque
1963 3486 2202 3546 vocales
2246 3484 2693 3558 contrahuntur,

510 3586 705 3667 deque
730 3585 960 3646 duabus
989 3584 1229 3666 syllabis
1258 3601 1378 3642 una
1411 3582 1516 3642 fit:
1560 3580 1722 3662 quod
1767 3601 1925 3662 saepe
1974 3581 2144 3640 nobis
2191 3580 2429 3641 mirifice
2471 3580 2693 3640 factum

510 3667 741 3746 videtur
763 3682 825 3742 in
852 3682 1060 3763 lingua
1087 3679 1300 3741 Graeca
1326 3691 1388 3740 et
1414 3676 1644 3752 Latina,
1685 3697 1820 3739 cum
1847 3678 1906 3736 in
1936 3695 2045 3736 sua
2070 3677 2195 3736 fieri
2235 3694 2407 3737 nemo
2434 3676 2693 3748 miretur,

512 3778 655 3858 quia
694 3780 885 3839 minus
927 3776 1281 3839 considerat.
1365 3772 1706 3835 Secundum
1751 3787 1945 3834 autem
1972 3772 2333 3832 diversarum
2358 3771 2692 3851 linguarum

512 3881 782 3932 naturam
802 3873 1111 3935 diversitas
1137 3872 1198 3931 in
1224 3870 1319 3930 his
1342 3879 1453 3929 est.
1509 3869 1632 3928 Sed
1653 3868 1923 3947 exempla
1945 3870 2392 3949 ἐπισυναλοιφῆε,
2417 3866 2492 3926 ad
2515 3885 2691 3945 quam

515 3968 753 4045 quidem
780 3980 841 4028 et
863 3971 1112 4047 ἔκθλιψιε
1139 3977 1198 4027 et
1227 3967 1515 4038 συνίξησις
1542 3961 1867 4037 referenda,
1893 3964 2023 4025 haec
2054 3974 2231 4025 sunt:
2275 3962 2407 4039 fuit,
2434 3981 2553 4023 una
2569 3959 2693 4040 syl·

513 4061 670 4123 laba.
752 4064 981 4127 Lucret.
1008 4065 1113 4125 lib.-
1145 4084 1209 4125 v.
2241 4052 2250 4058 ⁶

1077 4176 1155 4237 Et
1181 4175 1442 4236 ambiens
1473 4172 1659 4234 multa
1686 4172 1960 4266 perussit.
