3050 4942
451 342 497 406 6
540 368 545 372 ·
1345 346 1762 402 rnAErArm.

458 500 608 586 quia
653 495 838 560 nescis
868 517 990 560 eas.
1079 494 1257 559 Hec.
1290 495 1473 558 Pr'ol.
1515 494 1655 559 Alt.
1683 494 1793 559 17.
1843 491 1935 556 Et
1973 491 2116 559 inde
2145 494 2413 560 terendo·
2501 494 2668 563 Aet.

461 621 509 665 1.
549 601 612 666 2.
659 601 765 664 15.
816 595 1156 663 Consilium
1201 596 1631 682 contemplasse
1660 621 1681 660 .·
1725 603 1792 662 et
1833 600 1943 662 40.
1995 595 2341 684 Utcumque
2383 599 2670 664 maxime.

459 705 615 769 Act.
652 719 763 766 111.
807 703 873 766 3.
899 703 1007 766 47.
1056 698 1421 764 Excitatum
1467 698 1759 764 reddidit.
1846 699 2003 766 Act.
2054 719 2150 765 lv.
2196 698 2416 768 4.'41.
2462 698 2667 765 Dere-

463 805 753 890 linqwmt
781 804 927 867 viri.
973 803 1239 868 Phorm.
1287 803 1443 868 Act.
1492 818 1577 870 11.
1612 805 1672 867 1.
1699 803 1762 867 3.
1812 800 2070 866 Reverti
2113 803 2330 869 saltem
2382 826 2505 867 non
2539 825 2667 888 pu-

465 908 627 977 dore.
718 904 879 971 Act.
930 923 1043 969 111.
1089 907 1154 970 2.
1203 906 1310 970 39.
1359 902 1573 974 ‘Quam
1620 903 1952 968 addideras
2001 905 2143 970 lzuic
2176 905 2669 991 praeconstituta.

465 1009 623 1073 Act.
657 1025 758 1072 lv,
788 1008 855 1072 1.
890 1009 998 1073 20.
1049 1003 1234 1075 Quod
1269 1007 1323 1071 si
1361 1007 1499 1084 scit,
1531 1016 1603 1069 ut
1651 1027 1745 1069 me
1792 1006 2083 1073 excutiat.
2174 1007 2353 1073 Haec
2404 1015 2474 1073 et
2513 1027 2671 1072 sex-

465 1120 665 1176 centa
711 1111 842 1177 alia
896 1112 956 1175 si
999 1111 1379 1193 singillatim
1433 1112 1578 1174 suis
1630 1111 1804 1175 locis
1851 1115 2300 1189 annotassem,
2330 1110 2670 1174 enimvero

467 1233 748 1290 vererer,
776 1232 860 1276 ne
887 1233 1162 1297 operam
1201 1214 1450 1278 lusisse
1475 1233 1586 1276 me
1618 1213 1772 1295 quis
1802 1213 2039 1276 merito
2085 1212 2364 1278 diceret.
2413 1211 2494 1276 'N
2498 1232 2672 1295 eque

468 1324 688 1381 tamen
733 1314 1060 1381 affirmare
1104 1316 1367 1399 liquido
1399 1317 1640 1393 ausim,
1670 1315 1836 1380 nihil
1878 1317 1946 1379 in
1982 1323 2086 1380 tot
2112 1315 2506 1392 CodicibuS‚
2532 1321 2670 1379 tam

469 1416 754 1482 difficilis
786 1437 971 1501 saepe
1003 1417 1342 1496 lectioniS,
1387 1419 1569 1502 quod
1614 1417 1881 1500 quidem
1915 1418 2190 1500 dignum
2218 1418 2416 1481 fuerit
2446 1418 2673 1480 obser·

470 1526 655 1597 vatu,
681 1540 897 1585 meam
935 1520 1324 1585 industriam
1368 1521 1658 1601 fugisse.
1750 1518 2175 1603 Quanquam,
2224 1538 2307 1583 ne
2350 1520 2419 1583 id
2461 1519 2676 1596 fieret,

471 1640 582 1690 me
627 1623 875 1689 fecisse
927 1622 1188 1701 sedulo,
1246 1623 1319 1686 id
1370 1625 1535 1687 scio.
1625 1621 1758 1686 Sed
1810 1627 1898 1700 et,
1946 1643 2026 1685 ne
2078 1621 2182 1686 CI.
2231 1621 2488 1686 Dukeri
2532 1623 2674 1686 otio

473 1729 797 1804 abuterer,
826 1728 994 1792 satis
1032 1725 1262 1803 habui,
1307 1727 1390 1804 si,
1426 1726 1511 1790 de
1537 1744 1817 1809 quorum
1845 1725 2132 1789 lectione
2163 1724 2675 1801 addubitabam,

474 1829 657 1915 quod
710 1828 1064 1894 commodo
1111 1829 1329 1913 ipsius
1376 1829 1517 1893 fieri
1568 1836 1825 1912 posset,
1875 1847 1956 1891 ea
2000 1829 2156 1891 loca
2206 1825 2293 1890 ad
2346 1824 2676 1895 Codicem

473 1932 952 2015 Trajectinum,
981 1933 1407 1996 chartaceum
1451 1932 1672 2009 illum,
1725 1934 1794 1994 et
1843 1927 2045 1993 Anno
2092 1929 2283 1994 1454.
2328 1929 2678 2012 scriptum,

479 2033 796 2114 exigeret.
883 2032 1106 2114 quue
1147 2033 1328 2096 ultro
1358 2033 1518 2096 mihi
1551 2033 1871 2107 oblatum,
1917 2050 2309 2113 summaque
2343 2030 2480 2095 fide
2509 2049 2678 2113 pree-

479 2135 732 2215 stitum,
753 2137 941 2217 grato
970 2134 1382 2218 memorique
1405 2135 1630 2198 animo
1662 2152 1974 2215 agnosco.
2063 2131 2202 2196 Ubi
2229 2151 2435 2214 porro
2466 2132 2680 2194 mino-

478 2237 572 2301 ris
617 2239 938 2305 interesse
993 2236 1369 2312 videbatur,
1420 2237 1808 2320 suppressis
1858 2234 2266 2311 nominibuS,
2315 2233 2680 2297 Msstorum

479 2343 741 2403 tantum
771 2338 1160 2402 mentionem
1181 2337 1333 2402 feci.
1421 2335 1649 2421 Atque
1666 2339 1808 2403 haec
1832 2337 2099 2421 quidem
2132 2336 2215 2400 de
2239 2335 2412 2400 Mss.
2437 2335 2685 2399 nostris
2776 2384 2780 2389 .

479 2440 588 2509 bis
615 2439 818 2516 seniS,
848 2459 1003 2503 cum
1026 2444 1217 2522 parte
1247 2441 1428 2506 tertii
1457 2441 1721 2518 decimi,
1752 2440 1932 2505 dicta
1964 2445 2184 2504 sunto.

569 2541 655 2605 In
685 2541 1054 2607 Codicibus
1083 2540 1284 2607 editis
1303 2542 1504 2607 facile
1528 2543 1807 2626 reliquis
1840 2541 2131 2626 palmam
2171 2540 2474 2624 praeripit
2500 2540 2682 2622 prin-

485 2644 790 2728 cepsilla
820 2643 1050 2710 Editio
1080 2643 1264 2709 Anni
1293 2645 1486 2710 1469.
1510 2646 1793 2711 triennio
1824 2647 2153 2727 superans
2172 2649 2438 2709 aetatem
2468 2642 2684 2719 illiue,

485 2766 687 2832 quam
719 2745 821 2811 Cl.
849 2746 1058 2812 Mich.
1082 2747 1431 2813 Maittaire
1447 2750 1729 2832 primam
1761 2751 1981 2813 vocat.
2072 2745 2274 2809 Hanc
2297 2764 2420 2826 ego
2441 2744 2684 2808 usibus

481 2849 654 2915 meis
683 2867 1075 2917 concessam
1118 2869 1162 2912 a
1205 2852 1428 2934 capite
1467 2850 1558 2914 ad
1603 2851 1854 2914 calcem
1893 2849 2236 2932 percensui
2280 2852 2437 2911 ante
2480 2865 2683 2929 quam

481 2949 949 3035 ‘Illustrissimo
978 2950 1479 3018 Sunderlandiae
1517 2949 1768 3016 Comiti
1806 2970 1890 3016 ex
1921 2950 2239 3015 auctione
2266 2948 2544 3033 publica
2585 2949 2685 3012 in-

487 3071 654 3117 sano
676 3052 894 3135 pretio
920 3052 1362 3132 addiceretur,
1389 3061 1598 3136 atque
1625 3054 1698 3117 in
1728 3051 2043 3136 Angliam
2074 3058 2472 3135 portaretur.
2559 3051 2684 3116 Vi-

488 3154 585 3218 dit
611 3155 730 3233 ibi,
759 3173 1065 3237 ususque
1101 3162 1208 3219 est
1259 3156 1361 3221 Gl.
1397 3156 1549 3235 Vir,
1595 3157 1996 3222 Franciscus
2037 3154 2251 3230 Hare,
2281 3153 2570 3218 laudans
2609 3154 2686 3217 in

485 3273 740 3337 nupera
766 3274 892 3318 sua
917 3255 1209 3320 Terentii
1237 3257 1566 3323 Editione.
1656 3258 1788 3323 Sed
1834 3258 2057 3334 miror,
2099 3256 2327 3320 videre
2356 3255 2685 3338 potuisse,

489 3357 674 3438 quod
702 3376 923 3422 meam
952 3358 1371 3442 pluriumque
1401 3361 1756 3425 oculorum
1786 3360 2001 3424 aciem
2029 3359 2311 3440 fugerat,
2337 3376 2684 3421 numerum

488 3455 706 3536 illum,
735 3478 931 3540 quem
951 3458 1125 3536 dixi,
1147 3479 1283 3525 non
1311 3463 1493 3546 typis
1522 3462 1944 3545 impressum,
1986 3461 2105 3526 sed
2134 3461 2396 3525 calamo
2427 3458 2687 3542 ascrip-

490 3565 631 3625 tum
659 3560 891 3625 fuisse.
978 3559 1192 3627 Add1t
1217 3569 1468 3642 tamen,
1503 3566 1763 3630 nescire
1789 3585 1886 3642 se,
1931 3584 2019 3628 an
2048 3564 2340 3627 omnium
2369 3562 2687 3646 princeps
2751 3630 2757 3635 ,

488 3663 620 3743 sit3
680 3672 865 3729 certe
924 3664 1203 3749 quidem
1252 3667 1788 3750 antiquissimam
1842 3686 1991 3730 esse
2046 3666 2322 3729 fatetur.
2408 3663 2686 3727 Librum

489 3765 667 3836 hunc
698 3768 956 3852 excipit
975 3765 1390 3853 Anonymus,
1419 3777 1851 3853 pervetustus
1880 3769 2013 3847 ille,
2042 3768 2153 3833 cui
2179 3786 2306 3831 nec
2336 3766 2533 3844 Loci,
2558 3772 2683 3828 n'ec

488 3866 925 3952 Typographi
964 3890 1226 3947 nomen,
1262 3888 1484 3954 neque
1505 3871 1681 3935 adeo
1712 3871 1891 3935 Anni
1918 3889 2229 3933 numerus
2257 3875 2361 3934 est
2393 3869 2690 3933 additus-

493 3968 812 4052 Sequitur
839 3970 1068 4037 Editio
1096 3973 1530 4051 Tarvisiana,
1553 3975 1889 4055 impressa
1916 3991 2035 4055 per
2067 3972 2471 4054 Magistrum
2505 3971 2688 4034 Paua

491 4071 630 4136 lum
663 4072 918 4151 Ferari,
970 4086 1041 4138 et
1077 4078 1418 4159 recognita
1458 4096 1575 4160 per
1602 4075 2003 4156 Magistrum
2032 4072 2389 4158 Aluisyum
2419 4073 2691 4138 Straza-

490 4173 728 4255 rolum,
779 4175 980 4241 Anno
1029 4176 1223 4242 1481.
1308 4178 1699 4262 Sequuntur
1747 4175 2029 4243 Venetae
2066 4177 2287 4255 binae,
2346 4173 2689 4240 Annorum
