3050 4942
1048 386 1146 434 na
1194 381 1472 437 unlus
1519 391 1846 441 commis.
1906 411 1911 416 ·
2413 375 2539 450 121

362 523 590 592 Qua'les
612 534 754 586 sunt
777 525 874 588 isti
900 547 1138 592 versus:

526 620 780 684 Mirabar
806 625 920 688 hoc
948 634 1000 686 si
1027 635 1111 689 sic
1142 633 1343 705 abiret,
1371 639 1431 693 et
1455 631 1577 692 heri
1606 642 1832 715 semper
1857 633 2090 696 lenitas.

362 716 480 787 Qui
522 719 786 799 sequitur
825 721 1108 787 dimetrus
1136 739 1248 802 est,
1279 730 1341 790 id
1369 740 1482 802 est,
1509 739 1763 811 quatuor
1789 731 2085 812 simplices
2106 732 2290 812 pedes
2319 732 2529 796 habet:

521 817 776 878 Verebar
800 832 1073 899 quorsum
1104 824 1393 888 evadare&

361 912 512 973 Item
532 917 851 977 tetrametri
877 919 1099 981 similes
1126 921 1187 982 hi
1217 922 1293 984 de
1320 925 1550 986 iambo:

432 1075 440 1080 ,
523 1016 815 1098 enimvero
840 1016 1006 1078 Dave
1032 1020 1177 1079 nihil
1203 1021 1322 1083 loci
1349 1032 1441 1083 est
1467 1027 1758 1103 segnitiae,
1786 1028 1977 1102 neque
2005 1021 2309 1085 socordia.

360 1105 456 1165 De
485 1107 680 1170 iambo
708 1113 1066 1177 trochaicum
1096 1119 1551 1182 archilochicum
1577 1120 1734 1183 unde
1760 1122 1883 1181 fieri
1911 1121 2118 1183 dicunt
2145 1131 2413 1181 metrum.

522 1206 796 1269 Creticon
824 1209 1211 1276 Archilochus
1238 1236 1420 1296 supra
1447 1229 1628 1300 caput
1654 1216 1819 1279 addit
1844 1217 2038 1280 iambi.

361 1300 587 1369 Quales
617 1314 755 1364 sunt
778 1305 910 1368 isti:

523 1398 627 1458 Dn
652 1402 789 1487 boni
813 1404 954 1482 quid
982 1411 1173 1484 porto.

522 1496 641 1557 Sed
666 1498 765 1559 nbi
789 1506 1077 1562 inveniam
1103 1504 1489 1587 Pamphilum.

522 1592 718 1656 Laetns
748 1605 840 1657 est
865 1605 1066 1663 nescio
1091 1602 1256 1681 quid.

522 1687 688 1753 Nihil
717 1697 1116 1766 est,nond1‘1m
1145 1698 1275 1760 hoec
1302 1707 1539 1763 rescivit
1565 1702 1737 1796 mala.

359 1780 459 1842 De
484 1782 678 1846 iambo
708 1788 1164 1872 HipponacticO,

524 1881 776 1945 Ultimus
805 1890 1251 1973 amphibrachys
1278 1894 1541 1955 velocem
1570 1894 1795 1955 claudit
1823 1895 2101 1968 iambum,

522 1979 646 2039 Aut
668 1981 949 2046 bacchius
977 1986 1090 2048 erit
1114 1988 1247 2050 finis
1270 1990 1603 2051 discrimine
1632 1991 1819 2061 nullo,

526 2073 724 2137 Utitur
750 2078 1068 2162 Hipponax
1094 2084 1209 2146 hoc
1234 2095 1421 2147 metro
1448 2086 1739 2148 maximus
1770 2096 1993 2198 auctor.

359 2168 585 2238 Quales
614 2185 756 2235 sunt
778 2176 841 2236 hi
867 2199 1111 2242 versus·

527 2269 620 2329 Ne
645 2270 793 2333 {orte
817 2276 1154 2357 imprudens
1181 2278 1394 2340 faciam
1421 2279 1580 2360 quod
1607 2280 1810 2355 nolim,
1841 2285 1989 2341 scsss
2017 2281 2258 2342 cavebo.

526 2364 678 2426 Nam
708 2376 759 2428 si
783 2375 1078 2434 remittant
1105 2376 1402 2455 quippiam
1429 2376 1792 2437 Philumenae
1822 2376 2077 2439 dolores.

528 2463 877 2546 Legitimum
904 2468 1194 2530 interdum
1224 2474 1334 2534 sub
1364 2472 1558 2532 scenis
1585 2473 1756 2553 ponit
1782 2474 2058 2535 iambum.

528 2561 893 2642 Obsequium
922 2566 1164 2641 amicos,
1189 2569 1405 2630 veritas
1430 2569 1630 2631 odium
1657 2570 1828 2651 parit.

531 2659 722 2720 Utitur
746 2660 840 2720 his
868 2661 1115 2724 Plautus
1144 2664 1343 2724 metris
1372 2672 1433 2725 et
1454 2665 1610 2724 mille
1636 2667 1847 2745 poetae.

498 2755 622 2816 ·D'e
646 2756 899 2837 pedibus
924 2760 1137 2837 quibus
1164 2760 1295 2821 haec
1325 2761 1659 2822 consistunt
1674 2769 1864 2820 metra
1889 2757 2157 2819 notabis:

531 2850 823 2934 Dactylus
851 2865 955 2915 aut
980 2856 1301 2936 spondoeus
1327 2857 1504 2937 inest,
1539 2856 1631 2917 vel
1657 2874 1859 2917 cursor
1884 2855 2137 2929 iambus,

530 2949 652 3010 Aut
677 2962 1017 3031 anapaestus
1044 2953 1172 3028 erit,
1193 2953 1368 3034 positi
1397 2952 1731 3013 discrimine
1759 2952 1923 3012 nullo

532 3044 803 3107 Partibus
832 3048 894 3107 in
921 3048 1156 3127 quinis:
1198 3067 1335 3109 nam
1360 3059 1499 3128 post
1524 3049 1679 3109 celer
1705 3057 1870 3109 extat
1896 3049 2143 3110 iambus.

533 3140 940 3223 Pyrrichiusve
964 3145 1118 3207 citus
1133 3147 1320 3209 finem
1348 3146 1702 3210 concludere
1728 3145 1937 3228 possit.

370 3237 457 3298 Ut
481 3250 623 3299 sunt
646 3238 878 3302 hitales
903 3260 919 3301 t

537 3336 823 3411 Exclusit,
849 3348 1107 3413 revocat,
1135 3339 1369 3399 redeam
1392 3338 1419 3396 ’ἕ
1459 3358 1580 3399 non
1611 3338 1662 3398 si
1688 3358 1782 3398 me
1809 3337 2112 3398 obsecret:

534 3417 711 3500 Quod
734 3433 997 3513 plerique
1028 3453 1233 3495 omnes
1261 3436 1487 3497 faciunt
1517 3433 1963 3500 adolescentuli.

379 3528 474 3590 De
504 3531 736 3591 nomine
762 3531 968 3592 talium
996 3521 1422 3594 versuum'sive
1448 3544 1786 3596 metrorum.

537 3627 786 3700 Graecus
814 3629 1309 3709 apamphoenonta
1337 3631 1490 3691 solet
1512 3649 1833 3694 memorare
1853 3630 2052 3709 poeta.

537 3723 944 3786 Immanifesta
969 3739 1184 3787 vocant
1210 3727 1340 3788 haec
1368 3727 1629 3789 carmina
1654 3746 1799 3788 voce
1830 3725 2042 3786 Latini.

539 3819 717 3880 Hunc
743 3820 1065 3882 trimetrum
1093 3832 1317 3883 veteres
1346 3822 1505 3884 Graii
1535 3823 1884 3902 cognomine
1912 3820 2134 3894 dicunt,

539 3916 715 3988 Quod
740 3916 992 3997 pedibus
1007 3918 1227 3997 junctis
1252 3919 1414 3979 hunc
1441 3918 1725 3980 scandere
1754 3937 1912 3998 saepe
1947 3918 2235 3990 solebant.

539 4011 784 4073 Ponitur
810 4024 916 4074 aut
938 4034 1173 4090 scazon,
1201 4016 1551 4095 spondaeum
1574 4017 1708 4078 finis
1735 4013 1995 4081 habebit.

384 4108 602 4178 Quales
630 4120 768 4169 sunt
794 4110 929 4171 isti:

542 4204 671 4266 Nec
695 4205 855 4270 fonte
884 4207 1048 4269 labra
1074 4209 1263 4292 prolui
1290 4209 1625 4274 caballino:
