3050 4942
929 340 1027 390 ΒΕ
1076 341 1352 391 narnis
1399 342 1940 394 TERENTIANIS.
2393 329 2522 400 165

331 482 591 556 inv’idia,
620 482 985 554 subv’enite3
1028 486 1199 565 quasi
1228 485 1418 565 legas,
1449 486 1735 566 ade’erit,
1770 487 1961 547 d’iitias
1990 486 2129 566 (vel,
2158 498 2225 549 ut
2251 486 2350 548 alii
2392 507 2519 549 ma·.

330 580 485 652 lunt,
517 581 729 657 ditias)
752 581 1029 655 enimero,
1058 582 1296 655 ineniet,
1335 582 1540 655 inidia‚
1572 584 1856 646 subenite.
1915 583 1962 641 L
1988 583 2324 664 deperditur
2357 605 2518 668 saepe

327 675 388 738 in
417 678 783 757 pronomine,
810 678 944 751 ill’e,
973 678 1116 748 ill'a,
1146 677 1309 737 ill’ud
1354 698 1459 759 per
1495 697 1699 738 omnes
1729 697 1925 750 casus,
1965 678 2122 753 ill'ic,
2149 680 2350 741 ill’uc:
2391 691 2516 742 tum

326 772 722 853 icorripitur;
766 774 863 847 ile,
911 775 1013 847 ila,
1059 774 1204 847 ilud,
1232 779 1344 834 διο.
1390 785 1459 835 ut
1499 785 1558 836 et
1607 776 1874 836 nonnulli
1922 776 2098 837 etiam
2148 778 2388 857 legunt:
2431 778 2515 852 in,

326 870 676 949 paulu'lum,
705 870 1002 934 eliduntur
1029 873 1140 932 l¹et
1165 894 1226 940 u.
1257 884 1323 933 ut
1350 873 1602 952 legatur,
1625 873 1862 952 paulum
1888 893 1904 933 τ
1961 871 2123 952 quod
2156 882 2216 933 et
2243 873 2341 934 alii
2369 873 2516 933 alte-

325 965 448 1028 rius
478 966 615 1027 loco
645 978 954 1049 reponunt.
1039 969 1081 1027 S
1110 969 1379 1048 abjicitur
1424 969 1508 1041 in,
1567 967 1924 1048 hujus’modi
1972 979 2035 1029 et
2080 969 2405 1049 ejus’modi,
2452 979 2518 1030 ut

326 1063 799 1144 antepenultima
837 1066 1201 1147 corripiatur.
1286 1068 1377 1139 In,
1420 1066 1572 1139 ist'e,
1606 1066 1758 1139 ist’a,
1786 1066 1965 1126 ist’ud
1993 1076 2055 1127 et
2096 1067 2334 1146 reliquis
2363 1069 2517 1129 casi-

611 1160 1001 1188 .....

326 1257 439 1318 uti
464 1258 640 1318 breve
668 1269 997 1318 censeatur.
1081 1260 1151 1318 In
1193 1258 1311 1318 fine
1338 1257 1663 1320 dictionum
1710 1277 1869 1339 ssepe
1916 1260 2301 1322 absumuntur
2327 1260 2370 1319 d
2396 1271 2458 1322 et
2486 1281 2517 1321 s

325 1363 467 1415 ante
500 1355 744 1435 quasvis
772 1355 1007 1416 literas:
1052 1356 1159 1416 sed
1188 1366 1325 1415 ante
1347 1364 1750 1417 consonantes
1778 1355 1923 1436 ipsae
1952 1356 2095 1416 solae
2120 1376 2137 1416 ε
2180 1366 2317 1417 ante
2340 1375 2520 1417 voca-

324 1450 415 1511 les
442 1470 607 1526 vero,
635 1471 755 1512 non
779 1452 971 1513 solum
999 1452 1167 1533 ipsse,
1200 1452 1306 1513 sed
1332 1453 1553 1514 vocalis
1584 1453 1718 1514 illas
1755 1452 2097 1533 praecedens
2123 1473 2139 1514 ε
2182 1463 2360 1534 atque
2386 1454 2518 1514 hoec

322 1547 446 1608 fere
476 1557 621 1610 sunt
665 1551 725 1610 in
772 1549 987 1629 quibus
1016 1551 1361 1612 absorbetur
1389 1551 1429 1610 d
1455 1570 1471 1610 z
1513 1549 1612 1610 ad'
1645 1550 1818 1629 (etin
1846 1551 2195 1630 composito,
2243 1548 2519 1624 ad’sum,)

324 1645 527 1724 apu'd,
555 1644 660 1720 id’,
688 1646 849 1727 quid'
890 1648 1168 1727 (maxime
1214 1658 1350 1709 ante
1376 1667 1723 1728 pronomen,
1763 1647 1896 1721 iste,
1940 1647 2076 1721 ista,
2105 1647 2290 1725 istud)
2317 1648 2522 1728 quod’,

323 1739 476 1802 sed'.
562 1744 604 1802 S
634 1743 695 1802 in
722 1745 1224 1806 terminationibus
1254 1765 1343 1818 as,
1372 1766 1459 1818 es,
1488 1764 1580 1819 os,
1628 1743 2065 1805 excludendum
2111 1762 2231 1804 non
2274 1744 2519 1817 offendi,

322 1836 441 1902 nisi
467 1838 553 1911 in,
582 1838 753 1912 dies’,
784 1841 1027 1917 narras',
1056 1843 1189 1916 res’,
1216 1851 1277 1902 et
1300 1831 1520 1902 tace‘s':
1564 1840 1626 1900 in
1662 1841 1713 1901 is
1736 1859 1933 1921 parce,
1963 1838 2141 1920 idque
2175 1839 2316 1899 dum
2340 1841 2516 1902 breve

321 1945 443 2007 est,
470 1936 655 1996 veluti
684 1936 745 1996 in
773 1939 1158 2012 nominativo,
1185 1939 1437 2019 anguis',
1463 1939 1725 2011 mensis’,
1750 1937 1978 2020 pestis’‚
2003 1938 2073 1998 is’
2101 1957 2238 1998 cum
2261 1947 2354 1997 est
2379 1956 2517 2016 pro-
2573 2013 2577 2017 ,

319 2050 577 2096 nomen:
621 2035 682 2093 in
712 2034 994 2115 genitivo,
1033 2048 1121 2110 ut,
1170 2036 1613 2111 adolescentis',
1658 2032 2159 2114 venustatis’que:
2217 2033 2280 2092 in
2304 2033 2515 2107 verbis,

320 2139 412 2201 ut,
455 2128 628 2208 agis’,
671 2130 903 2206 credis’,
945 2132 1135 2204 dicis’,
1180 2132 1499 2194 obtundis’.
1586 2134 1679 2205 In,
1726 2132 1958 2212 magis'‚
2002 2142 2067 2192 et
2092 2131 2255 2191 satis'
2293 2130 2516 2212 passim

320 2227 677 2286 absorbetur
705 2247 768 2287 s:
812 2238 953 2288 sunt
979 2240 1177 2290 tamen
1219 2231 1322 2310 qui
1349 2231 1409 2290 in
1454 2231 1571 2291 illis
1601 2231 1749 2291 locis
1783 2230 1994 2291 malint
2017 2229 2213 2309 legere
2240 2248 2427 2309 mage,
2455 2236 2517 2289 et

320 2331 460 2384 sats
521 2324 590 2382 In
621 2323 977 2387 dictionibus
1025 2328 1085 2386 in
1114 2348 1186 2387 us
1228 2329 1403 2389 breve
1431 2329 1839 2389 desinentibus
1868 2326 2168 2388 elisionem
2196 2324 2516 2386 admittunt

319 2419 502 2481 etiam
554 2420 591 2478 ii
636 2422 737 2498 qui
783 2422 1037 2496 creticis,
1085 2424 1367 2498 bacchiis,
1415 2435 1478 2485 et
1522 2423 1955 2506 amphibrachis
2000 2433 2283 2484 utuntur:
2334 2421 2514 2496 utin,

319 2516 516 2596 opus',
545 2515 761 2589 herus',
791 2518 1080 2592 stolidus’,
1106 2503 1328 2600 ipsus','
1356 2519 1745 2595 dehortatus’,
1786 2520 1953 2600 ejus’,
1995 2520 2210 2601 hujus’,
2260 2518 2515 2598 quibus’,

320 2611 570 2686 sumus',
599 2612 845 2693 aliisque
888 2615 1225 2677 innumeris.
1308 2615 1427 2684 Qui
1457 2616 1642 2698 pedes
1686 2616 1820 2677 illos
1848 2615 2135 2695 rejiciunt,
2163 2635 2234 2674 us
2260 2612 2514 2693 produc·

319 2719 446 2770 tum
474 2710 653 2769 etiam
681 2710 1041 2786 interimunt,
1069 2724 1139 2774 ut
1185 2714 1268 2787 in,
1295 2714 1451 2775 rus’:
1497 2713 1718 2774 audent
1752 2713 1927 2772 etiam
1951 2709 2173 2770 elidere
2199 2711 2237 2769 b
2264 2711 2350 2782 in,
2374 2709 2510 2769 ob':

319 2805 341 2864 l
366 2807 427 2866 in
460 2805 690 2866 simul’:
732 2827 792 2867 m
818 2819 954 2870 ante
1002 2820 1400 2871 consonantes
1430 2809 1513 2880 in,
1542 2808 1801 2888 quidem'
1828 2818 1897 2869 et
1916 2806 2088 2867 enim'
2110 2805 2349 2885 {atque
2378 2814 2403 2863 t
2427 2804 2514 2875 in,

319 2902 468 2975 erit',
498 2904 794 2976 excessit',
820 2905 1002 2979 facit’,
1042 2905 1284 2977 liceret'‚
1327 2904 1580 2978 occidit’,
1624 2902 1894 2983 oportet’,
1935 2900 2178 2975 studet',
2220 2911 2282 2961 et
2310 2900 2513 2960 simili-

320 3000 474 3059 bus:
519 3000 719 3073 sicin,
748 3002 913 3078 quot’
958 3012 1019 3062 et
1061 3004 1168 3064 ut'.
1217 3002 1374 3063 'Sed
1402 3002 1479 3066 de
1521 3001 1776 3074 diaeresi,
1824 2998 2129 3081 synoeresi,
2170 3007 2233 3059 et
2266 2996 2511 3059 elisione

319 3093 633 3156 hactenus.
714 3096 873 3156 Illud
926 3108 988 3158 et
1034 3097 1150 3159 hoc
1198 3098 1332 3159 loco
1382 3097 1760 3170 monendum,
1803 3095 1962 3176 apud
2009 3094 2170 3155 hunc
2212 3101 2512 3155 auctorem

320 3192 543 3270 passim
572 3194 817 3253 inveniri
842 3193 1080 3256 vocales
1108 3196 1317 3256 finales
1345 3215 1462 3256 non
1484 3195 1662 3255 elisas
1691 3191 1875 3273 (quod
1904 3191 2019 3252 hac
2047 3199 2190 3251 nota
2218 3196 2256 3225 “
2273 3209 2512 3270 expres-

322 3286 529 3364 simus)
555 3298 695 3349 ante
737 3290 885 3350 alias
914 3291 1188 3353 vocales:
1232 3291 1412 3370 idque
1458 3291 1523 3349 in
1570 3310 1691 3350 uno
1739 3300 1916 3368 atque
1961 3286 2172 3349 eodem
2199 3305 2409 3348 versu:
2448 3294 2512 3347 et

321 3385 549 3456 contra,
604 3385 667 3444 in
722 3383 985 3447 versibus
1042 3386 1290 3448 diversis
1342 3387 1609 3447 vocalem
1673 3385 1908 3445 finalem
1962 3383 2172 3465 prioris
2231 3387 2283 3443 a'
2316 3381 2513 3446 vocali

322 3480 624 3559 sequentis
652 3482 994 3543 absorberi:
1038 3494 1101 3543 et
1148 3504 1352 3544 rursus
1400 3486 1652 3564 primam
1694 3480 1943 3544 secundi
1975 3499 2181 3541 versus
2228 3478 2307 3539 ad
2332 3480 2509 3540 finem

320 3576 524 3654 prioris
552 3578 884 3655 pertinere:
927 3578 1085 3639 idem
1100 3579 1394 3659 judicium
1422 3578 1498 3639 de
1528 3578 1886 3639 dictionibus
1913 3576 1973 3635 in
2004 3596 2061 3635 m
2082 3574 2508 3648 desinentibus,

201 3693 214 3708 ·
320 3690 448 3731 cum
479 3675 745 3753 sequitur
771 3675 1122 3737 vocabulum
1151 3696 1188 3736 a
1213 3676 1404 3737 vocali
1432 3676 1742 3755 incipiens.
1822 3674 2098 3733 Ceterum
2126 3669 2362 3731 vocales
2387 3670 2507 3729 iuae

319 3766 523 3830 finales
573 3788 693 3830 non
722 3768 908 3845 elisas,
952 3792 1088 3851 quse
1128 3783 1340 3833 natura
1365 3782 1470 3832 aut
1506 3771 1876 3849 diphthongo
1902 3765 2383 3846 producerentur,
2409 3764 2507 3824 hic

322 3862 434 3928 fere
462 3864 896 3945 corripiuntur:
941 3867 1234 3929 interdum
1281 3877 1477 3927 tamen
1525 3865 1829 3925 invariatoe
1858 3871 2120 3935 manent,
2170 3869 2232 3920 et
2255 3861 2506 3923 maxime

321 3969 453 4021 aute
501 3961 619 4032 ‘h,'
666 3962 829 4044 quod
876 3964 975 4025 hic
1027 3985 1187 4046 saepe
1235 3966 1321 4027 ita
1366 3965 1606 4044 plenam
1650 3964 1766 4042 vim
1804 3960 1985 4020 habet
2007 3957 2412 4031 consonantis,
2440 3966 2508 4019 ut

322 4055 660 4131 praecedens
685 4059 879 4122 brevis
908 4060 969 4121 in
998 4081 1055 4120 m
1086 4063 1175 4123 vel
1206 4063 1382 4126 aliam
1424 4078 1749 4126 consonam
1792 4056 2072 4119 desinens
2099 4054 2296 4137 positu
2324 4053 2506 4134 longa

323 4162 646 4219 censeatur.
732 4156 958 4219 Horum
1000 4160 1262 4224 omnium
1311 4159 1583 4240 exempla
1628 4158 1747 4219 huc
1791 4172 2110 4237 congerere
2158 4171 2504 4233 supervaca-
