3050 4942
478 371 610 448 126
1047 390 1179 457 nx·
1205 387 1505 438 EnAsuo
1554 388 2100 440 Bursaonum.

478 553 667 614 genus
693 530 1076 593 diminutum:
1117 530 1279 613 quod
1327 530 1575 593 dimetro
1620 531 1872 593 iambico
1919 531 2139 594 accinit
2160 528 2312 591 duos
2339 530 2653 605 trochoeos5

475 630 722 692 velutin
752 638 920 689 actus
947 629 1103 690 tertii
1129 648 1311 690 scena
1335 629 1620 689 secunda.

557 735 576 761 ‘
595 726 810 787 Adhuc
838 725 1113 786 Archillis
1159 746 1294 806 quae
1339 724 1651 786 adsolent:
1671 725 1687 750 ⁹
1728 724 1828 785 hic
1855 724 2100 786 dimeter
2144 736 2257 787 est.
2341 734 2360 763 ‘
2383 727 2654 808 Quasque

475 833 707 905 oportet
729 823 766 883 :⁹
804 822 924 882 duo
952 832 1092 882 sunt
1115 822 1381 884 trochoei.
1461 823 1688 881 Contra
1712 822 1772 880 in
1808 821 1939 882 aliis
1967 821 2202 884 additur
2239 843 2348 904 pes
2391 825 2654 904 legitimo

476 940 741 981 numero.
823 920 1060 979 Interim
1086 919 1243 999 prior
1261 918 1539 979 carminis
1565 935 1703 997 pars
1728 931 1823 978 est
1840 919 2160 993 trochaica,
2184 921 2474 999 posterior
2502 922 2653 981 iam-

473 1019 626 1091 bica,
674 1027 738 1078 et
784 1026 1012 1079 contra.
1091 1016 1509 1076 Admiscentur
1553 1015 1847 1076 interdum
1894 1025 1955 1076 et
1994 1015 2214 1091 cretici,
2252 1017 2379 1078 sive
2425 1017 2654 1097 amphi-

472 1115 676 1187 macri,
701 1114 803 1194 qui
831 1131 938 1193 pes
959 1112 1211 1173 mediam
1238 1114 1417 1173 habet
1438 1114 1670 1173 brevem
1696 1113 1848 1173 inter
1873 1122 2163 1172 extremas
2183 1112 2432 1193 longas:
2474 1115 2557 1173 sie
2584 1123 2655 1173 ut

474 1210 694 1291 singuli
718 1227 924 1271 versus
950 1210 1211 1271 habeant
1237 1220 1556 1290 quaternos
1583 1218 1687 1269 aut
1710 1219 1910 1269 ternos
1931 1210 2199 1281 creticos,
2237 1209 2353 1268 nisi
2377 1209 2536 1289 quod
2555 1209 2652 1271 hic

473 1325 710 1387 quoque
732 1316 1048 1387 usurpatur
1073 1308 1314 1368 libertas
1341 1307 1590 1382 comica,
1615 1307 1771 1366 sicut
1794 1307 1855 1365 in
1881 1306 2114 1366 ceteris.
2182 1304 2529 1385 Exemplum
2557 1314 2653 1367 est

471 1403 534 1462 in
557 1403 755 1481 quarti
782 1414 950 1462 actus
984 1422 1163 1462 scena
1189 1402 1413 1482 prima:
1456 1410 1475 1437 ‘
1504 1404 1588 1463 Ut
1632 1402 1803 1463 malis
1847 1398 2169 1482 gaudeant,
2217 1412 2397 1483 atque
2442 1421 2517 1462 ex
2558 1403 2650 1464 iu·

471 1500 839 1563 commodis.’
918 1502 1186 1569 Quatuor
1212 1500 1411 1560 cretici
1439 1510 1600 1572 sunt,
1627 1500 1742 1561 nisi
1768 1500 1932 1581 quod
1954 1501 2163 1561 tertius
2189 1511 2286 1560 est
2307 1500 2650 1580 spondeus.

471 1598 735 1657 Ibidem:
777 1603 796 1630 ‘
812 1598 962 1655 Turn
986 1596 1496 1678 impudentissima
1519 1615 1723 1657 eorum
1747 1597 1936 1657 oratio
1962 1597 2096 1658 est!
2149 1593 2294 1657 Tres
2318 1597 2499 1657 habet
2523 1613 2651 1660 cre-

468 1696 640 1755 ticos.
697 1694 1050 1773 Quanquam
1077 1693 1323 1753 arbitror
1339 1692 1500 1772 prius
1531 1712 1766 1753 carmen
1791 1692 2057 1753 vitiatum
2080 1703 2307 1753 mutato
2326 1693 2651 1758 dictionum

469 1790 695 1850 ordine.
751 1789 1003 1863 Etenim,
1033 1789 1084 1849 si
1108 1788 1195 1849 sic
1220 1787 1408 1868 legas,
1436 1798 1498 1848 et
1521 1797 1722 1849 tamen
1750 1808 1843 1849 res
1868 1789 2033 1868 cogit
2055 1788 2372 1869 denegare,
2403 1791 2500 1851 132·
2525 1799 2650 1855 tum

466 1901 662 1947 eorum
685 1885 1191 1967 impudentissima
1216 1886 1409 1945 oratio
1433 1892 1539 1956 eet,
1569 1894 1639 1944 ut
1657 1884 1946 1964 posterior
1975 1901 2185 1945 versus
2200 1885 2457 1965 excipiat
2475 1905 2653 1967 syna-

468 1983 725 2063 loepham
766 1982 995 2063 prioris,
1037 1999 1273 2043 carmen
1314 1981 1497 2061 probe
1542 1990 1799 2041 constat.
1882 1980 2138 2049 Quidam
2181 1990 2380 2041 tamen
2424 1982 2655 2045 malunt

466 2079 564 2139 hic
591 2097 724 2141 esse
749 2080 1038 2139 trimetros
1059 2076 1415 2137 Trochaicos
1440 2076 1842 2137 catalecticos.
1899 2076 2138 2135 Iambici
2158 2076 2400 2137 trimetri
2425 2078 2652 2140 facilior

376 2229 383 2236 .
467 2186 562 2235 est
586 2175 897 2244 dimensio,
925 2193 1061 2234 cum
1087 2174 1561 2255 penthemimeris
1578 2173 1712 2231 finit
1729 2172 2063 2233 dictionem.
2107 2172 2307 2246 Velut,
2337 2180 2355 2209 ⁶
2376 2173 2650 2247 Effartur‚

468 2272 661 2331 imus?
721 2272 818 2343 Et,
848 2278 867 2305 ‘
890 2270 990 2331 Sic
1014 2269 1386 2349 cogitabam!
1443 2267 1774 2340 Difficilior,
1801 2285 1937 2328 cum
1956 2280 2198 2330 contra:
2226 2280 2312 2343 ut,
2339 2278 2356 2305 ‘
2381 2271 2652 2333 Honesta

466 2379 530 2428 et
567 2367 829 2428 liberali:
872 2366 1095 2427 accedo
1140 2366 1218 2425 ad
1260 2365 1649 2446 pedissequas
1668 2365 1704 2425 :⁹
1743 2366 1803 2424 in
1846 2373 1865 2400 ‘
1885 2366 1961 2425 be
1978 2366 1995 2392 '
2032 2385 2262 2426 coesura
2286 2376 2400 2428 est.
2481 2368 2647 2430 Idem

466 2465 731 2525 efficiunt
755 2466 974 2525 crebroe
1002 2462 1400 2544 synaloephae:
1442 2471 1510 2521 ut
1536 2462 1638 2536 ibi,
1679 2471 1698 2497 ‘
1721 2462 1874 2531 Qum
1900 2463 1983 2522 ibi
2010 2462 2274 2537 aderant,
2295 2465 2445 2525 forte
2466 2479 2645 2525 unam

466 2561 692 2640 aspicio
719 2558 1264 2621 adolescentulam!

547 2660 618 2718 In
644 2658 992 2719 tetrametris
1017 2658 1157 2717 item
1184 2655 1447 2715 iambicis
1476 2671 1549 2716 ac
1575 2654 1889 2715 trochaicis
1916 2619 2114 2715 durior
2140 2665 2234 2715 est
2257 2656 2566 2733 dimensio,
2592 2662 2648 2720 ai

463 2753 619 2834 prior
646 2755 893 2815 dimeter
927 2772 1047 2813 non
1073 2753 1241 2813 finiat
1266 2753 1605 2826 dictionem,
1654 2752 1979 2833 praesertim
2027 2751 2079 2811 si
2116 2770 2236 2811 non
2279 2752 2356 2813 sit
2397 2755 2647 2832 iambus,

463 2864 569 2913 aut
615 2853 667 2911 si
712 2852 959 2912 accedat
986 2851 1364 2931 synaloephe:
1407 2860 1495 2923 ut,
1524 2857 1544 2886 ‘
1563 2851 1767 2909 Meum
1796 2858 2041 2929 gnatum
2066 2867 2261 2910 rumor
2287 2859 2382 2909 est
2407 2871 2602 2914 amare
2626 2874 2645 2914 :

460 2949 525 3007 id
552 2949 805 3029 populus
826 2956 994 3007 curat
1014 2946 1284 3007 scilicet!
1362 2946 1532 3006 Prior
1557 2941 1805 3006 dimeter
1822 2946 2023 3005 finitur
2046 2946 2106 3004 in
2149 2951 2168 2978 ‘
2191 2945 2329 3019 ma,'
2355 2947 2645 3027 syllabam

463 3044 810 3123 productam
835 3063 850 3101 :
893 3053 956 3103 et
1001 3043 1289 3121 excipitur
1330 3062 1368 3101 a
1415 3042 1761 3121 synaloephe
1801 3050 1818 3077 ‘
1842 3061 1904 3103 re
1946 3040 2050 3103 id!
2128 3041 2358 3102 Rursus
2385 3043 2601 3104 ibidem
2626 3063 2643 3105 :

461 3147 482 3173 ‘
505 3138 624 3207 Qui
648 3147 960 3217 postquam
989 3137 1255 3197 audierat
1283 3157 1401 3197 non
1428 3138 1631 3197 datum
1657 3138 1764 3211 iri,’
1790 3143 1902 3198 διο.
1966 3138 2133 3198 Prior
2160 3139 2404 3199 dimeter
2428 3139 2647 3199 desinit

462 3237 522 3294 in
566 3241 585 3268 ‘
607 3234 667 3307 i,'
706 3233 968 3293 admixta
1000 3232 1364 3312 synaloephe.
1447 3235 1669 3294 Turbat
1692 3248 1749 3294 et
1777 3235 1925 3295 illud
1954 3236 2234 3295 lectorem
2259 3238 2451 3295 minus
2478 3256 2645 3297 exer*

460 3329 726 3401 citatum,
766 3327 930 3407 quod
976 3328 1271 3388 interdum
1310 3340 1554 3407 repente
1588 3330 1797 3390 miscet
1838 3330 2088 3389 iambica
2127 3347 2263 3390 cum
2308 3333 2644 3405 trochaicis,

459 3426 724 3485 trimetra
746 3423 1039 3484 interdum
1059 3434 1121 3484 et
1148 3424 1396 3485 dimetra
1422 3437 1527 3485 aut
1551 3437 1916 3487 monometra
1943 3443 2079 3488 cum
2105 3428 2479 3504 tetrametris,
2506 3448 2644 3492 aca-

458 3521 736 3581 talectica
760 3540 895 3581 cum
915 3520 1296 3595 catalecticis,
1323 3522 1544 3583 cretica
1561 3542 1699 3583 cum
1726 3523 1990 3584 iambicis
2012 3539 2084 3583 ac
2103 3525 2450 3585 trochaicis:
2479 3526 2643 3605 quod

458 3617 605 3678 locis
649 3617 874 3697 aliquot
917 3618 1329 3677 annotavimus
1375 3617 1437 3677 in
1483 3618 1768 3698 margine.
1853 3620 1942 3679 Ea
1981 3620 2235 3680 mixtura
2274 3622 2528 3683 maxime
2553 3623 2642 3695 fit,

458 3714 559 3775 ubi
598 3732 691 3773 res
720 3722 862 3772 sunt
887 3714 1360 3775 turbulentiores.
1442 3716 1542 3776 Fit
1566 3715 1882 3788 interdum,
1924 3725 1995 3775 ut
2020 3733 2201 3776 scena
2226 3716 2384 3797 prior
2407 3717 2644 3779 desinat

457 3812 518 3870 in
546 3809 998 3883 hemistichium,
1026 3820 1085 3871 et
1112 3811 1187 3871 ab
1210 3811 1386 3891 hujus
1414 3811 1685 3872 clausula
1710 3811 1952 3890 incipiat
1978 3829 2161 3871 scena
2186 3812 2485 3891 proxima:
2506 3816 2642 3874 vel-

455 3916 526 3967 ut
550 3905 610 3965 in
640 3905 881 3966 Andriae
909 3916 1078 3967 actus
1126 3908 1280 3969 tertii
1325 3925 1504 3969 scena
1530 3910 1723 3981 tertia,
1767 3916 1784 3943 ‘
1810 3909 1930 3967 Sed
1968 3923 2178 3968 eccum
2222 3909 2398 3970 video
2442 3911 2639 3992 ipsum

455 4002 614 4061 foras
642 4000 840 4061 exire!
921 4002 1185 4063 Dimeter
1210 4013 1304 4064 est
1340 4001 1552 4083 plenus
1578 4021 1714 4065 cum
1740 4004 2113 4084 sesquipede.
2195 4001 2502 4067 Perficitur
2526 4008 2640 4066 ini·

455 4095 540 4156 t‘io
569 4111 767 4155 scenae
795 4099 1137 4175 sequentis:
1180 4098 1311 4157 ‘Ad
1339 4108 1399 4158 te
1427 4098 1624 4167 ibam:
1667 4099 1950 4178 quidnam
1990 4110 2084 4160 est
2104 4098 2149 4158 ’ξ’
2184 4111 2253 4160 ut
2295 4102 2376 4161 sit
2419 4119 2636 4164 scazon

454 4201 789 4254 tetrameter
813 4192 1213 4254 catalecticus.
1267 4194 1705 4274 Nonnunquam
1724 4195 1929 4270 dictio,
1955 4211 2091 4276 quoe
2116 4197 2369 4276 pertinet
2395 4198 2473 4262 ad
2502 4213 2639 4259 sen·
