3050 4942
937 385 1211 434 vicToR
1263 386 1358 437 on
1406 386 1791 436 commum.
2370 374 2456 437 61

260 533 539 592 rabatur:
582 521 869 610 vigesimo
913 530 1037 589 fere
1079 518 1291 609 postea
1318 546 1513 609 quam‘
1545 530 1796 591 Romani
1842 533 2093 610 primum
2144 515 2458 613 Carthagi-

259 629 563 690 niensibus
617 627 836 687 bellum
889 626 1292 687 indixissent:
1354 637 1496 687 tunc
1545 627 1700 688 enim
1747 647 1895 706 pace
1937 630 2284 709 composita,
2324 651 2462 710 quae

259 727 479 806 populo
518 734 688 787 tanto
715 744 893 804 opere
922 726 1331 804 expetebatur,
1374 723 1435 783 id
1465 744 1663 805 genus
1701 725 2113 787 oblectamenti
2159 727 2463 788 relaxandi

262 824 437 883 animi
466 824 659 904 gratia
684 832 987 902 receptum
1017 833 1129 882 est.
1214 820 1447 880 Deinde
1496 821 1692 900 spatio
1719 842 1929 882 novem
1962 842 2250 883 annorum
2285 825 2464 884 inter-

252 920 434 999 ject0,
486 922 560 980 C.
587 921 831 980 Naevius
873 919 1013 979 data
1045 918 1092 977 F
1097 917 1276 978 abula
1312 916 1625 996 spectandi
1654 918 1884 997 copiam
1911 920 2069 979 fecit.
2156 920 2304 980 Post
2330 941 2463 981 eum

263 1017 537 1091 Plautus,
588 1037 747 1077 anno
792 1018 911 1077 sere
960 1016 1191 1077 decimo
1218 1015 1470 1094 quinto:
1517 1016 1772 1076 subinde
1822 1016 2077 1077 seriatim
2108 1017 2185 1086 Q.
2218 1018 2466 1089 EnniuS,

263 1114 566 1187 caecilius,
596 1125 658 1174 et
684 1114 986 1175 Terentius
1026 1114 1315 1172 floruere:
1359 1122 1569 1192 postea
1614 1133 1734 1173 non
1780 1115 1966 1174 multo
2018 1113 2337 1186 Pacuvius,
2366 1116 2467 1194 qui

252 1212 376 1290 jam
405 1230 596 1272 senex
624 1211 807 1270 Accio
833 1210 1034 1270 cessit.
1118 1208 1429 1267 Postremo
1451 1210 1713 1270 Lucilius
1742 1211 1873 1284 fuit,
1903 1211 2004 1291 qui
2032 1211 2286 1272 medium
2317 1212 2464 1272 illud

264 1318 696 1388 argumentum,
726 1308 1022 1368 lacerandi
1046 1306 1277 1367 scilicet
1303 1305 1551 1366 aliorum
1571 1310 1870 1388 poemata,-
1887 1310 2245 1369 sectabatur.
2292 1309 2468 1371 Hunc

265 1407 416 1466 enim
450 1405 684 1466 Gellius
720 1405 781 1464 in
812 1406 1062 1466 Accium
1109 1416 1172 1464 et
1218 1403 1543 1465 Pacuvium
1596 1426 1814 1486 magna
1841 1406 2017 1473 laude
2058 1406 2275 1486 stylum
2302 1427 2471 1468 exer-

263 1503 458 1563 cuisse
488 1512 764 1563 testatur.
850 1503 1109 1562 Fabulae
1154 1503 1335 1582 igitur
1361 1502 1478 1575 isti,
1507 1503 1583 1562 de
1612 1504 1828 1565 Graeco
1856 1504 2070 1583 petita-s
2099 1517 2469 1585 argumentO,

264 1599 491 1659 Latinis
542 1598 764 1660 salibus
804 1599 1048 1660 condire
1100 1608 1474 1661 statuerunt:
1541 1600 2040 1679 quemadmodum
2091 1602 2149 1660 in
2194 1601 2471 1672 Terentii,

263 1697 355 1757 vel
405 1695 629 1769 Plauti,
674 1717 810 1776 quae
853 1675 1365 1768 cii-cumferuntur,
1415 1696 1660 1756 Fabulis
1706 1707 1800 1757 est
1846 1697 2077 1758 videre:
2123 1698 2472 1777 Novamque

265 1795 505 1873 penitus
533 1793 899 1854 Comoediam
927 1805 1068 1853 sunt
1095 1794 1328 1865 imitati,
1356 1793 1579 1853 nullam
1610 1793 1773 1854 chori
1814 1793 2190 1855 modulantes
2226 1795 2474 1856 cantile-

265 1910 443 1951 nam:
488 1889 595 1951 sed
625 1900 793 1951 actus
847 1895 939 1968 (ut
979 1890 1064 1951 ait
1091 1891 1445 1972 Porphyrio)
1491 1890 1763 1950 tibiarum
1794 1902 2086 1953 concentu
2112 1892 2472 1953 dirimenteS.

268 1987 383 2048 Ubi
413 2008 616 2068 operae
659 1976 907 2068 pretium
959 1999 1054 2049 est
1104 1989 1571 2050 animadvertere
1618 1989 1793 2049 tibias
1841 1990 2003 2050 chori
2055 1990 2473 2071 proprietatem

268 2086 557 2147 aemulari.
640 2086 795 2145 Nam
821 2091 914 2164 (ut
941 2096 1148 2146 auctor
1178 2096 1270 2146 est
1302 2086 1605 2163 Donatus)
1634 2108 1767 2167 quae
1794 2087 2039 2147 Fabulae
2062 2107 2269 2167 graves
2291 2087 2476 2148 habe·

268 2193 470 2242 rentur
499 2193 562 2242 et
589 2202 832 2255 severae,
874 2183 1034 2243 tibiis
1064 2182 1290 2243 dextris
1319 2184 1412 2262 agi
1447 2194 1913 2245 consueverunt:
1958 2204 2094 2263 quae
2138 2203 2278 2244 vero
2318 2183 2474 2264 jocis

270 2288 329 2337 et
352 2280 584 2338 urbane
613 2279 787 2341 dictis
817 2279 1078 2359 undique
1101 2288 1416 2352 scaterent,
1441 2281 1721 2340 continuo
1745 2279 2021 2340 sinistris.
2085 2278 2302 2342 Pollux
2315 2284 2483 2345 enim,

271 2387 478 2435 auctor
506 2386 602 2436 est
627 2377 884 2456 quinque
926 2377 1064 2436 olim
1102 2378 1162 2436 in
1191 2396 1372 2437 scena
1404 2377 1624 2456 januas
1654 2378 1961 2446 extitisse;
2004 2397 2253 2457 quarum
2275 2379 2476 2440 media

266 2471 425 2532 illius
455 2474 696 2534 omnino
720 2474 1080 2534 domicilium
1108 2486 1288 2548 esset,
1338 2478 1441 2556 qui
1480 2475 1694 2556 primas
1726 2478 1785 2535 in
1816 2475 2043 2536 Fabula
2069 2486 2269 2556 partes
2297 2477 2476 2537 habe-

271 2579 395 2629 ret:
439 2569 649 2643 altera,
698 2570 909 2631 dextra
958 2572 1204 2645 scilicet,
1254 2571 1394 2631 huic
1445 2573 1733 2651 proxima,
1782 2573 1938 2634 illius
1984 2592 2115 2632 esse
2144 2575 2475 2647 consuevit,

272 2666 366 2725 cui
393 2676 593 2746 partes
623 2667 899 2728 darentur
939 2667 1219 2728 secundae
1245 2689 1259 2728 ε
1327 2669 1520 2740 tertia,
1552 2669 1808 2739 sinistra,
1853 2669 1948 2728 vel
1977 2668 2229 2728 maxime
2258 2670 2476 2742 tenuiS,

273 2775 376 2824 aut
401 2764 633 2824 nullius·
654 2774 782 2824 erat
808 2783 1100 2844 personae,
1141 2764 1236 2824 vel
1268 2763 1605 2824 desolatum
1651 2762 1890 2842 aliquod
1943 2763 2259 2822 simulabat
2289 2766 2480 2824 sacel-

273 2859 412 2920 lum.
505 2863 583 2922 At
608 2862 959 2942 reliquarum
989 2861 1199 2922 dextra
1217 2881 1320 2921 eos
1351 2862 1617 2922 emittere
1647 2860 1895 2934 solebat,
1918 2860 2019 2940 qui
2047 2879 2166 2919 non
2197 2862 2271 2920 ab
2296 2862 2476 2933 Urbe,

275 2957 380 3018 sed
399 2959 643 3018 aliunde
664 2958 1204 3038 proficiscerentur:
1231 2957 1468 3017 sinistra
1482 2976 1617 3017 vero
1636 2968 1862 3030 contra,
1880 2966 2173 3035 quotquot
2192 2959 2478 3030 venirent,

273 3057 532 3116 urbanos
562 3056 944 3136 producebat.
1041 3055 1135 3114 Ab
1188 3053 1302 3114 hac
1352 3058 1447 3131 (ut
1473 3055 1748 3131 arbitror)
1795 3053 1920 3133 ejus
1972 3040 2219 3112 Fabulae
2261 3054 2477 3115 chorus

272 3152 505 3230 prodire
561 3153 887 3224 consuevit,
935 3170 1084 3230 quas
1136 3149 1357 3210 salibus
1397 3149 1670 3230 jocisque
1716 3150 1930 3209 referta
1983 3168 2118 3208 esse
2161 3149 2476 3212 videretur.

277 3250 533 3330 Quippe,
561 3247 724 3330 qu‘od
751 3249 942 3308 facete
972 3246 1210 3320 dicitur,
1251 3246 1509 3309 solemus
1539 3250 1831 3307 urbanum
1861 3246 2178 3326 appellare.
2262 3248 2484 3308 Verum

277 3348 348 3406 ab
378 3347 591 3419 altera,
640 3346 691 3406 si
717 3345 969 3405 rusticos
999 3343 1226 3404 Fabula
1252 3343 1605 3414 contineret,
1650 3342 1909 3421 quadam
1941 3362 2147 3403 severa
2196 3345 2476 3424 gravique

277 3444 654 3523 simplicitate
696 3443 907 3503 chorus
936 3441 1335 3502 emittebatur.
1415 3441 1649 3500 Etenim
1687 3460 1790 3500 eos
1829 3439 2197 3519 potissimum
2227 3443 2479 3501 rusticos

277 3562 586 3611 vocamus,
643 3542 746 3620 qui
804 3560 1035 3620 semper
1104 3541 1364 3601 obducto
1433 3537 1745 3618 supercilio
1805 3538 2051 3598 facetias
2118 3548 2478 3598 aversantur.

278 3639 453 3699 Unde
497 3637 850 3698 Palamedes
900 3636 1061 3717 apud
1111 3637 1537 3699 Philostratum
1587 3637 1663 3696 ab
1705 3636 1938 3696 Achille
1985 3635 2201 3695 dicitur
2248 3640 2484 3713 ἀγρικώ·

276 3760 448 3813 τερος,
494 3727 799 3816 quoniam,
851 3744 918 3794 ut
964 3745 1091 3794 erat
1137 3735 1397 3816 undique
1429 3752 1691 3807 severuS,
1732 3733 1793 3791 in
1843 3731 2069 3791 deliciis
2121 3730 2301 3790 etiam
2335 3731 2481 3814 nihil

276 3831 543 3893 haberet.

357 3927 660 3998 Ceterum,
687 3927 830 3987 licet
852 3926 1040 3986 multa
1079 3926 1200 3986 sint
1238 3947 1458 4007 genera
1498 3912 1791 3993 tibiarum,
1829 3932 2027 3982 tamen
2077 3923 2198 3983 duo
2238 3943 2478 3985 scenam

279 4023 646 4103 potissimum
675 4024 1150 4103 frequentabant,
1193 4023 1473 4085 videlicet
1499 4021 1819 4102 Phrygiae:
1883 4039 2129 4099 quarum
2174 4023 2480 4082 nonnullae

278 4121 456 4182 modo
484 4106 734 4195 dextrae,
776 4120 957 4181 modo
990 4120 1244 4180 sinistrae
1281 4123 1678 4201 ponebantur.
1767 4118 2029 4191 Dextrae,
2058 4139 2194 4197 quae
2218 4118 2480 4179 foramen

278 4203 516 4279 unicum
564 4218 885 4279 haberent:
945 4217 1222 4290 sinistrae,
1273 4240 1410 4300 quae
1438 4216 1676 4279 duobus
1704 4226 1909 4276 essent
1949 4216 2329 4277 foraminibus
2358 4216 2482 4276 dis-⁶
