3050 4942
1161 369 1259 417 nn
1304 371 1403 418 ‘ru
1418 368 1683 421 anno.
2432 364 2519 429 71

310 520 367 570 et
394 521 638 588 repente
663 511 1054 584 circumactis,
1098 511 1163 575 ut
1213 523 1420 574 contra
1463 512 2072 594 mareau-postremo
2111 519 2236 597 jam
2284 521 2381 581 die
2410 522 2519 583 de-

312 608 738 669 scendentibus
763 608 999 682 tabulis,
1027 620 1087 670 et
1112 613 1385 672 omnibus
1416 616 1569 673 inter
1599 633 1663 674 se
1692 614 2068 689 coeuntibus,
2096 616 2351 678 faciebat
2379 620 2521 679 Am·-

310 706 732 785 phitheatrum,
767 718 828 768 et
854 707 1249 788 gladiatorum
1280 712 1625 790 spectacula
1656 712 1893 783 edebat,
1938 713 2131 792 ipsum
2162 715 2350 794 magis
2381 736 2523 777 auc-

312 815 570 864 toratum
600 805 884 885 populum
911 806 1247 868 Romanum
1268 809 1707 869 circumferens.
1780 811 1990 889 Itaque
2020 808 2212 881 vides,
2243 815 2526 890 quemad-

313 902 558 961 modum
584 903 816 964 Scenici
845 900 1016 976 Ludi,
1063 903 1204 964 dum
1232 917 1568 985 agerentur,
1619 907 1842 966 aversis
1875 907 2145 967 Theatris
2175 910 2523 988 agebantur,

243 1045 247 1049 .
313 1019 385 1058 ne
432 1001 613 1060 turba
656 1001 857 1061 fieret:
902 1000 1049 1061 dum
1093 1012 1287 1062 autem
1337 1001 1838 1083 proponebantur,
1888 1014 1992 1064 aut
2039 1004 2519 1084 producebantur

314 1095 698 1174 gladiatores,
727 1097 786 1156 in
812 1097 1244 1178 Amphitheatri
1273 1099 1709 1160 reducebantur
1731 1101 2001 1174 formam,
2025 1113 2086 1161 et
2112 1103 2172 1160 in
2198 1123 2380 1164 unum
2401 1105 2524 1165 duo

316 1193 576 1254 Theatra
603 1194 860 1255 coibant.
947 1194 1068 1255 Sed
1115 1207 1178 1256 et
1226 1198 1548 1258 novissimo
1593 1199 1689 1259 die
1719 1200 1828 1276 (ait
1853 1198 2038 1271 idem)
2066 1199 2267 1260 divisis
2296 1200 2525 1263 duabus

316 1308 419 1370 per
443 1291 705 1351 medium
734 1293 950 1365 scenis,
984 1293 1240 1354 athletas
1269 1293 1457 1355 edidit
1484 1296 1688 1368 Curin,
1726 1296 2027 1377 raptisque
2056 1310 2295 1376 repente
2323 1319 2357 1358 e
2383 1319 2527 1360 con-

318 1390 493 1448 trario
535 1390 798 1469 pulpitis,
848 1390 1058 1451 eodem
1103 1390 1220 1464 die,
1268 1393 1518 1453 victores
1551 1415 1583 1454 e
1614 1394 2045 1473 gladiatoribus
2077 1395 2201 1455 suis
2229 1395 2524 1475 produxit.

321 1486 505 1546 ‚Vides
532 1486 1034 1567 quemadmodum
1064 1474 1357 1567 pulpitum
1387 1491 1566 1551 etiam
1609 1491 1999 1565 auferebatur,
2046 1491 2188 1551 dum
2234 1493 2526 1573 gladiato-

318 1604 411 1643 res
457 1585 804 1664 prodirent;
850 1604 990 1645 nam
1038 1586 1225 1666 ipsam
1272 1606 1467 1647 aream
1516 1589 1891 1669 occupabat:
1935 1588 2049 1649 hoc
2080 1600 2279 1649 autern
2305 1590 2527 1651 factum

319 1681 451 1752 fuit,
501 1681 680 1740 fessis
728 1682 1096 1761 turbatisque
1129 1682 1469 1743 volubilium
1496 1684 1884 1745 Theatrorum
1932 1686 2288 1747 cardinibus.
2373 1687 2525 1748 Nam

322 1787 461 1837 ante
491 1798 611 1836 non
643 1789 772 1837 erat
797 1796 947 1857 opus
977 1779 1226 1840 eximere
1276 1780 1593 1859 pulpitum,
1644 1801 1779 1842 cum
1824 1795 2032 1843 contra
2060 1794 2283 1843 starent
2310 1800 2526 1856 scenae,

322 1886 383 1935 et
424 1876 623 1935 locum
657 1877 989 1954 praeberent
1015 1877 1390 1937 circumactis
1418 1878 1686 1939 Theatris
1717 1881 1774 1939 in
1806 1880 2235 1961 Amphitheatri
2263 1881 2529 1954 formam,

321 1981 459 2050 post
489 1973 692 2033 Ludos
723 1974 1008 2035 Scenicos
1040 1974 1369 2036 absolutos.

505 2200 864 2263 THEATRI
908 2200 1538 2278 CONFORMATIQ
1601 2202 1967 2272 EJUSQUE
2009 2204 2345 2266 PARTES.

328 2400 335 2406 ·
405 2367 552 2439 Sed,
595 2387 713 2446 quo
757 2366 998 2427 tandem
1048 2366 1313 2439 attii-ieie,
1371 2384 1562 2446 quave
1614 2365 1903 2426 industria
1949 2366 2306 2427 aedificatum
2358 2365 2532 2426 fuerit

326 2465 486 2544 apud
516 2466 789 2545 antiquos
818 2464 1158 2538 Theatrum,
1207 2466 1642 2545 prospiciendis
1689 2466 1952 2525 Scenicis
2005 2465 2187 2526 Ludis
2232 2464 2530 2538 idoneum,

324 2563 536 2641 paucis
563 2563 659 2623 hic
687 2564 855 2624 vobis
883 2582 1210 2644 proponere
1239 2563 1401 2636 libet,
1445 2583 1520 2623 ne
1566 2563 1708 2642 quid
1743 2582 1963 2623 earum
1990 2583 2181 2624 rerum
2211 2565 2532 2642 praetermi·

327 2661 478 2720 sisse
504 2659 825 2729 videamur,
848 2680 983 2739 quae
1007 2659 1083 2720 ad
1107 2660 1265 2720 hunc
1289 2678 1617 2720 sermonem
1643 2661 1932 2738 pertinere
1945 2659 2310 2739 judicentur.
2354 2658 2527 2728 Quod

281 2803 289 2811 .
328 2769 530 2818 tamen
560 2776 681 2818 non
712 2760 797 2819 ita
826 2758 1236 2839 accipiendum
1267 2759 1399 2832 erit,
1439 2759 1610 2836 quasi
1639 2757 1716 2817 ad
1746 2776 2003 2836 unguem
2032 2774 2397 2835 expressum,
2426 2756 2535 2815 sed

328 2857 543 2933 partim
576 2855 923 2935 conjectura
950 2865 1012 2916 et
1037 2855 1266 2916 ratione
1292 2864 1519 2927 natum,
1548 2857 1760 2936 partim
1787 2870 1860 2914 ex
1890 2854 1961 2912 iis
1989 2852 2369 2930 descriptum,
2398 2870 2535 2931 quae

331 2965 455 3012 tum
483 2954 544 3011 in
577 2954 836 3033 antiquis
864 2953 1047 3012 ruinis
1076 2952 1398 3033 aliquando
1423 2949 1702 3023 vidimus,
1728 2962 1853 3012 tum
1882 2951 2057 3011 etiam
2079 2968 2154 3010 ex
2177 2950 2537 3022 auctoribus,

332 3049 433 3127 qni
463 3049 540 3109 de
568 3049 682 3110 bac
711 3070 772 3109 re
801 3050 1183 3129 scripserunt,
1232 3048 1807 3130 comprehendimus.
1893 3049 2101 3127 ltaque
2149 3047 2399 3127 primum
2447 3047 2537 3104 in—

328 3146 719 3224 telligendum
749 3157 843 3206 est
867 3147 1391 3226 (quemadmodum
1424 3148 1605 3229 paulo
1634 3158 1771 3207 ante
1801 3146 2187 3219 docebamus)
2213 3143 2531 3203 Theatrum

331 3244 519 3303 fuisse
549 3245 609 3302 in
651 3244 1003 3306 semicirculi
1034 3244 1282 3323 figuram
1310 3244 1725 3324 compositum,
1773 3255 1950 3323 atque
1976 3244 2061 3302 ita
2087 3240 2538 3309 conformatum,

333 3353 402 3400 ut
442 3361 615 3420 seque
666 3352 870 3421 gestus
913 3344 1334 3421 prospicerent,
1382 3361 1451 3403 ac
1481 3360 1658 3401 voces
1689 3340 1961 3400 audirent
1984 3338 2136 3417 (sine
2165 3337 2419 3398 tumultu
2448 3348 2539 3397 ta*-

333 3442 517 3511 men),
561 3441 663 3518 qui
688 3439 767 3498 ad
793 3438 980 3499 latera
1007 3438 1149 3500 etin
1182 3440 1426 3499 summis
1457 3440 1731 3499 sederent
1760 3438 2061 3518 gradibus,
2107 3446 2284 3514 atque
2330 3434 2390 3506 ii,
2437 3433 2541 3512 qui

332 3536 391 3595 in
438 3536 571 3596 imis
610 3536 786 3615 juxta
836 3545 1097 3597 scenam.
1178 3537 1437 3598 Caveam
1480 3552 1692 3597 vocare
1733 3535 1966 3596 videtur
1994 3534 2223 3594 Plinius
2253 3533 2449 3592 locum
2476 3531 2537 3588 iu

334 3632 613 3706 Theatro,
664 3632 945 3713 gradibus
975 3654 1044 3695 ac
1077 3635 1317 3695 sedibus
1345 3644 1755 3695 constructum
1784 3642 1961 3712 atque
2009 3630 2420 3708 compositum,
2476 3628 2537 3685 in

338 3750 461 3810 quo
486 3730 722 3791 sederet
746 3731 1026 3812 populus.
1111 3732 1310 3793 Cavea
1336 3734 1469 3811 ipsa
1495 3732 1711 3810 (inquit
1739 3730 1815 3789 de
1841 3729 2099 3788 Theatro
2128 3723 2361 3799 Scauri)
2388 3724 2545 3802 cepit

336 3828 647 3887 hominum
678 3829 988 3907 octoginta
1019 3828 1237 3889 millia:
1285 3849 1417 3890 cum
1448 3827 1713 3906 Pompeii
1754 3825 1990 3898 theatri,
2016 3823 2127 3901 (sic
2157 3823 2310 3882 enim
2339 3820 2542 3900 legen-

341 3925 485 3985 dum
525 3937 657 3986 est:
698 3944 837 3984 nam
881 3944 1186 4005 nunquam
1214 3927 1531 4007 Pompeius
1560 3923 2073 4004 Amphitheatrum
2101 3918 2333 3996 edidit)
2367 3920 2543 3980 toties

339 4021 733 4102 multiplicata
762 4024 940 4093 Urbe,
968 4033 1252 4103 tantoque
1283 4025 1500 4104 majore
1531 4024 1774 4103 populo,
1812 4019 2068 4080 sufficiat
2093 4019 2257 4098 large
2286 4016 2544 4094 quadra-

344 4119 511 4198 ginta
538 4119 722 4178 millia
750 4118 976 4180 sedere.
1064 4121 1193 4179 Nisi
1224 4123 1419 4181 mavis
1440 4140 1680 4181 caveam
1710 4119 1978 4198 accipere
2011 4135 2118 4196 pro
2147 4125 2275 4175 tota
2304 4113 2543 4173 Theatri

345 4214 695 4296 capacitate,
735 4226 804 4276 ut
849 4217 1029 4277 etiam
1076 4238 1313 4279 scenam
1354 4221 1543 4299 ipsam
1589 4215 2097 4299 comprehendas;
2141 4210 2303 4292 quod
2345 4220 2540 4271 tamen
