3050 4942
522 332 611 396 *78
1359 349 1459 397 ns
1502 346 1887 395 rannac.

526 512 600 552 ex
631 492 891 571 gestibus
912 491 1283 561 describunt,
1312 503 1377 550 ut
1420 491 1478 550 id
1509 490 1672 571 quod
1701 500 1888 570 agunt
1920 490 2113 550 videre
2154 490 2408 549 videare.
2495 483 2720 567 Hujus-

529 588 688 648 modi
732 599 872 649 sunt
899 609 1049 667 quos
1081 589 1212 648 Itali
1243 588 1509 667 buffones
1538 591 1715 668 vulgo
1744 598 1977 648 vocant.
2062 586 2398 647 Archimirni
2429 586 2728 665 principes·

531 693 671 743 sunt
699 684 1066 756 histrionum,
1091 684 1205 743 hoc
1235 695 1347 756 est,
1398 684 1546 744 inter
1591 685 1907 744 histriones
1938 683 2299 742 solertissimi
2340 693 2399 741 et
2425 681 2726 741 excellen-

529 780 758 840 tissimi.
869 780 1146 860 Ethologi
1206 781 1386 851 mimi,
1451 789 1556 839 aut
1600 780 1890 860 ethopoei,
1934 798 2160 839 morum
2217 788 2357 838 sunt
2408 781 2725 851 effictoreS,

531 864 964 957 affectuumque
1008 879 1432 957 cujuscumque
1489 898 1763 958 personae
1809 898 1990 956 quam
2037 877 2350 950 sustinent,
2398 886 2500 935 aut
2544 896 2724 955 quam

529 984 720 1055 agunt
749 988 809 1036 et
828 976 1090 1035 referunt
1119 976 1179 1034 in
1217 995 1417 1045 scena,
1446 975 1607 1034 unde
1638 974 1955 1053 ethopoeia,
1983 993 2209 1033 morum
2240 974 2563 1033 alienorum
2595 972 2730 1030 imi·

529 1073 717 1133 tatio:
760 1081 822 1132 et
849 1071 1025 1133 ethici
1054 1071 1309 1151 pictores
1345 1091 1418 1131 ac
1452 1072 1735 1131 'statuarii
1787 1070 1948 1142 dicti,
1976 1071 2079 1148 qui
2126 1090 2265 1130 suas
2313 1069 2600 1147 imagines
2644 1070 2729 1127 ita

532 1168 887 1248 depingunt,
935 1178 1040 1228 aut
1084 1167 1323 1239 caelant,
1372 1181 1440 1228 ut
1468 1168 1743 1228 sensibus
1774 1168 2071 1245 expressis
2123 1166 2551 1246 propemodum
2604 1166 2762 1243 spi-⁸

529 1277 681 1326 rent.
791 1265 1114 1346 Thymelici
1168 1265 1321 1326 inter
1364 1265 1633 1325 scenicos
1676 1274 1906 1325 actores
1965 1274 2125 1336 sunt,
2185 1265 2300 1324 hoc
2355 1274 2470 1336 est,
2538 1263 2730 1322 citha-

531 1362 699 1434 medi,
739 1363 1083 1435 citharistas,
1133 1363 1379 1444 lyristae,
1422 1361 1711 1422 tibicines·
1808 1361 2158 1434 Citharoedi,
2203 1362 2306 1440 qui
2354 1371 2415 1422 et
2458 1361 2742 1421 fidicines

532 1460 830 1534 dicuntur,
858 1460 1099 1520 citharae
1128 1460 1499 1521 accinebant.
1581 1458 1920 1519 citharistae
1947 1458 2235 1519 citharam
2271 1467 2500 1518 tantum
2531 1459 2742 1539 pulsa-²

530 1557 698 1628 bant,
729 1574 846 1614 non
879 1565 1076 1615 autem
1099 1555 1472 1616 accinebant.
1539 1555 1894 1634 Hujusmodi
1923 1555 2217 1636 thymelici
2241 1574 2344 1636 per
2370 1556 2740 1616 orchestram

531 1657 899 1734 praestabant
928 1654 1191 1717 actiones
1221 1673 1384 1715 suas.
1445 1653 1620 1715 Ludii
1645 1655 1768 1714 sive
1797 1653 2070 1714 ludiones
2098 1657 2191 1732 (ut
2208 1654 2333 1734 jam
2363 1653 2589 1713 dictum
2618 1656 2744 1729 est)

531 1753 571 1811 ii
599 1762 768 1812 erant
793 1752 894 1831 qui
923 1749 1282 1812 comoediam
1314 1750 1662 1811 recitabant.
1747 1752 1816 1810 In
1863 1770 1934 1810 ea
1980 1752 2134 1810 enim
2181 1749 2488 1810 recitanda
2524 1752 2743 1810 mirum?

529 1847 641 1909 fuit
672 1849 999 1909 artificium.
1028 1892 1051 1911 ρ
1085 1848 1238 1909 Nam
1266 1849 1502 1909 cantica
1544 1851 2019 1929 temperabantur
2066 1848 2280 1922 modis,
2320 1869 2440 1908 non
2471 1869 2508 1908 a
2536 1851 2737 1929 poeta,

537 1947 644 2009 sed
673 1966 707 2005 a
731 1945 919 2026 perito
947 1947 1087 2007 artis
1119 1945 1361 2009 musicae
1390 1947 1563 2007 factis
1591 1967 1607 2007 ι
1649 1967 1843 2026 neque
1888 1947 2043 2009 enim
2072 1947 2273 2006 omnia
2300 1946 2512 2007 iisdem
2539 1946 2737 2005 modis

532 2043 596 2102 in
625 2062 744 2102 uno
772 2043 1005 2103 cantico
1055 2044 1405 2122 agebantur,
1453 2045 1561 2104 sed
1609 2065 1770 2125 saepe
1816 2045 2095 2104 mutatis:
2138 2053 2206 2104 ut
2234 2043 2594 2123 significant,
2638 2045 2746 2121 qu'r
2817 2076 2822 2081 v

534 2149 654 2200 tres
684 2159 956 2200 numeros
987 2139 1047 2198 in
1078 2140 1400 2201 Comoediis
1428 2152 1677 2221 ponunt,
1723 2141 1825 2220 qni
1871 2152 1990 2202 tres
2020 2141 2328 2201 continent
2355 2140 2566 2200 modos
2595 2155 2755 2200 can-‘-

534 2236 636 2295 tici
666 2235 847 2297 illius,
926 2236 1041 2305 Qui
1086 2235 1422 2314 hujusmodi
1468 2236 1676 2297 modos
1722 2237 2056 2309 faciebant,
2084 2256 2298 2297 nomen
2346 2238 2415 2296 in'
2449 2236 2746 2317 principio

539 2331 779 2393 Fabulae
811 2343 875 2399 et
921 2332 1217 2413 scriptoris
1245 2341 1307 2392 et
1344 2335 1563 2394 actoris
1604 2336 2103 2413 superponebant.
2191 2335 2552 2413 Hujusmodi
2584 2333 2747 2392 adeo

537 2431 800 2493 carmina
829 2430 906 2490 ad
933 2431 1103 2493 tibias
1133 2431 1372 2503 fiebant,
1400 2441 1469 2491 ut
1516 2432 1611 2491 his
1640 2431 1860 2492 auditis
1890 2431 2058 2492 multi
2087 2451 2160 2491 ex
2195 2433 2416 2511 populo
2448 2444 2587 2491 ante
2615 2430 2746 2489 dis-

537 2538 763 2600 cerent,
791 2548 969 2606 quam
997 2529 1282 2595 Fabulam
1311 2529 1500 2613 acturi
1549 2531 1765 2590 scenici
1810 2539 2032 2601 essent,
2082 2549 2261 2608 quam
2297 2528 2540 2588 omnino
2569 2547 2746 2606 spec-

536 2626 823 2685 tatoribus
844 2624 995 2704 -ipsis
1024 2626 1379 2687 antecedens
1402 2625 1612 2686 titulus
1627 2626 2120 2705 pronuntiaretur.
2206 2626 2511 2704 Agebatur
2541 2635 2750 2683 autem*

536 2720 716 2783 Tibiis
745 2721 1006 2801 peribus,
1036 2733 1139 2783 aut
1182 2723 1548 2802 imparibus;
1605 2733 1668 2783 et
1716 2723 1966 2800 dextris,
2007 2731 2111 2781 aut
2137 2722 2414 2781 sinistris.
2496 2721 2750 2780 Dextrae

539 2829 741 2879 autem
769 2818 925 2877 tibiae
956 2836 1066 2877 sua
1105 2819 1394 2896 gravitate
1437 2819 1648 2878 seriam
1696 2818 2016 2878 Comoedioe
2047 2817 2362 2879 dictionem
2392 2819 2748 2896 pronuntia-

534 2912 699 2981 bant.
783 2913 1052 2973 Sinistrae
1099 2926 1158 2975 et
1188 2933 1443 2974 serranus
1488 2915 1772 2975 acuminis
1817 2916 2060 2976 lenitate
2095 2916 2298 2995 jocum
2330 2916 2387 2972 in
2431 2914 2749 2975 Coinoedia

538 3009 952 3069 ostendebant.
1040 3011 1153 3069 Ubi
1192 3021 1390 3080 autem
1437 3011 1645 3071 dextra
1693 3022 1753 3071 et
1800 3012 2039 3072 sinistra
2088 3024 2222 3073 acta
2266 3008 2495 3071 Fabula
2532 3010 2749 3070 inscri-

538 3106 808 3178 bebatur,
834 3106 1048 3165 mistim
1069 3107 1192 3184 joci
1221 3118 1279 3166 et
1308 3108 1627 3186 gravitates
1658 3108 2174 3169 denuntiabantur.
2235 3109 2400 3168 Mimi
2424 3117 2529 3170 aut
2552 3106 2748 3177 Ludii,

540 3201 682 3260 dum
712 3203 991 3280 agebant,
1023 3204 1405 3263 assumebant
1433 3204 1611 3283 capiti
1639 3224 1946 3285 personas,
1976 3205 2090 3264 hoc
2111 3215 2222 3277 est,
2244 3205 2531 3264 confictas
2554 3204 2750 3263 varia-

538 3317 667 3357 rum
696 3317 1083 3376 personarum
1114 3299 1326 3360 facies:
1369 3301 1461 3360 vel
1507 3301 1754 3362 reticulo
1801 3300 1990 3361 denso
2019 3302 2200 3361 facies
2244 3301 2630 3371 obvelabant,
2662 3301 2751 3360 'ne

539 3404 1024 3473 agnoscerentur.
1109 3397 1201 3455 Ita
1228 3398 1406 3457 etiarn
1428 3397 1680 3458 instituti
1706 3407 1876 3458 erant
1904 3397 2239 3477 hujusmodi
2268 3397 2610 3469 histriones,
2645 3405 2754 3456 aut

538 3489 724 3563 mimi,
752 3502 820 3550 ut
845 3500 907 3550 et
933 3492 1196 3571 corporis
1228 3503 1421 3554 motus
1452 3494 1735 3556 decentes
1759 3494 2060 3554 facerent:
2106 3494 2366 3573 denique
2385 3493 2570 3552 etiam
2600 3512 2757 3552 can-

539 3597 637 3659 tus
667 3606 737 3647 ac
766 3588 1127 3667 prolationes
1157 3590 1486 3651 secundum
1528 3591 1740 3652 modos
1780 3591 1982 3652 edocti
2026 3600 2215 3662 erant,
2259 3610 2396 3669 quae
2442 3589 2655 3647 mirum
2686 3590 2752 3647 in

538 3676 777 3749 modurn
835 3687 1119 3767 populum
1175 3689 1534 3751 afficiebant.
1631 3689 1712 3748 Hi
1760 3688 1934 3748 simul
1985 3687 2178 3746 coacti
2225 3685 2288 3746 in
2345 3705 2591 3764 quoque
2645 3705 2757 3764 ge·-

538 3802 705 3855 nese,
729 3794 833 3847 aut
859 3794 1195 3853 cantantes.
1223 3795 1327 3847 aut
1353 3782 1643 3849 saltantes
1673 3784 2124 3865 appellabantur
2161 3782 2395 3842 Chorus
2421 3801 2437 3841 ε
2480 3782 2661 3842 divisi
2689 3783 2756 3840 in

540 3879 692 3938 duas
735 3888 952 3957 partes,
999 3882 1379 3943 Semichoria.
1482 3881 1553 3939 In
1604 3880 1832 3940 actione
1881 3887 2080 3938 autem
2132 3877 2485 3949 Comoediae,
2541 3898 2757 3939 eorum

542 3972 724 4051 aliqui
754 3973 968 4051 primas
1000 3989 1223 4053 partes,
1277 3976 1375 4035 alii
1420 3973 1715 4036 secundas
1762 3983 1962 4033 tenere
2007 3973 2374 4046 dicebantur,
2421 3994 2534 4053 pro
2570 3976 2758 4036 variis

544 4079 802 4127 actuum·
839 4070 1199 4133 rationibus:
1260 4090 1462 4135 eorum
1514 4069 1671 4129 enim
1717 4068 1816 4130 alii
1854 4070 2164 4150 prologum
2209 4069 2511 4144 dicebant,
2553 4071 2653 4131 alii
2690 4073 2756 4132 in

543 4165 805 4235 nuntios,
835 4166 1256 4244 exploratorem
1285 4166 1590 4238 custodes,
1621 4183 1843 4239 servos,
1869 4165 2105 4239 heroas,
2135 4167 2324 4240 Deos,
2353 4187 2556 4242 senes,
2585 4187 2756 4229 ama-
