3050 4942
543 381 675 447 280
1294 397 1356 442 P.
1403 394 1772 444 TEREN'I'H
1821 394 2000 443 Arm

547 545 656 608 Ex
687 541 920 607 Andro
951 541 1414 622 commigravit
1439 542 1571 608 huc
1602 541 1885 618 viciniae,

547 649 790 731 Inopia
817 652 886 709 et
913 651 1344 728 cognatorum
1376 644 1771 726 negligentia

544 750 824 829 Coacta,
854 748 1113 832 egregia
1140 748 1378 824 forma,
1407 754 1612 830 atque
1640 753 1845 812 aetate
1877 749 2143 830 integra.
2380 805 2382 807 .
2650 744 2743 813 45

543 855 665 919 So,
714 853 854 917 Hei
884 870 1133 930 vereor,
1162 872 1245 914 ne
1275 851 1436 934 quid
1469 849 1725 916 Andria
1756 856 2064 934 apportet
2091 851 2275 914 mali.

541 957 643 1021 Su.
691 957 996 1020 Primum
1024 955 1170 1018 haec
1198 954 1443 1037 pudice
1471 955 1708 1030 vitam,
1737 971 1957 1036 parce,
1987 972 2067 1016 ac
2097 952 2344 1017 duriter

540 1057 829 1140 Agebat,
859 1058 1017 1122 lana
1045 1076 1127 1121 ac
1158 1056 1296 1120 tela
1324 1057 1574 1121 victum
1604 1057 1958 1139 quaeritans
1986 1076 2001 1120 ε

541 1163 678 1228 Sed
707 1166 1068 1247 postquam
1097 1178 1330 1223 amans
1357 1158 1670 1236 accessit,
1696 1159 1983 1242 pretium
2013 1158 2359 1242 pelliceae,

538 1264 758 1343 Unus,
792 1269 860 1329 et
887 1265 1042 1328 item
1073 1263 1278 1342 alter;
1322 1262 1422 1326 ita
1448 1266 1521 1326 ut
1547 1262 1877 1345 ingenium
1907 1267 2016 1325 est
2044 1260 2340 1325 omnium
2644 1258 2733 1321 50

540 1366 907 1431 Hominum
937 1367 1023 1430 ab
1051 1366 1276 1430 labore
1303 1366 1601 1449 proclive
1627 1365 1712 1429 ad
1740 1364 2106 1429 lubidinem
2128 1385 2146 1443 3
2388 1354 2393 1360 ’

537 1466 828 1551 Accepit
858 1469 1324 1546 conditionem,
1354 1467 1507 1532 dein
1535 1473 1871 1551 quaestum
1901 1466 2168 1548 occipit.

540 1568 677 1647 Qui
709 1579 849 1637 tum
878 1570 1066 1635 illam
1093 1571 1429 1647 amabant,
1460 1568 1649 1646 forte,
1677 1568 1775 1632 ita
1801 1573 1877 1632 ut
1905 1567 2005 1646 fit,
2031 1566 2241 1630 filium

537 1673 924 1736 Perduxere
956 1673 1138 1748 illuc,
1169 1691 1397 1736 secum
1426 1677 1499 1735 ut
1527 1690 1664 1735 una
1694 1676 1897 1748 esset,
1926 1662 2169 1734 meum.

536 1774 820 1856 Egomet
849 1773 1168 1838 continuo
1195 1792 1492 1837 mecum:
1540 1771 1741 1837 Certe
1773 1779 2013 1854 captus
2040 1772 2175 1836 est!
2640 1771 2728 1834 55

536 1876 810 1940 Habet!
854 1876 1293 1940 observabam
1318 1894 1512 1938 mane
1544 1874 1808 1937 illorum
1838 1872 2142 1943 servulos

534 1979 900 2044 Venientes
929 1983 1048 2040 aut
1078 1978 1431 2041 abeuntes:
1477 1977 1880 2058 rogitabam:
1928 1974 2120 2039 Heus
2150 1993 2335 2058 puer,

531 2212 695 2260 annos,
721 2198 925 2255 soemino
960 2201 1171 2261 quadam
1204 2213 1267 2248 ex
1287 2198 1454 2249 Andro
1489 2198 1644 2248 insula
1680 2199 1733 2247 in
1768 2201 1888 2248 hano
1919 2199 2140 2249 viciniam
2170 2213 2220 2249 se
2257 2198 2475 2253 contulit,
2512 2201 2723 2260 egestate

532 2268 578 2310 et
619 2263 911 2322 negligentia
948 2264 1311 2325 propinquorum
1355 2268 1514 2312 coacta
1537 2279 1553 2312 .·
1603 2264 1781 2312 eximia
1810 2265 1985 2323 formoe
2020 2265 2189 2326 specie,
2234 2268 2281 2312 ei
2312 2263 2511 2327 florenti
2557 2268 2720 2311 aeiate.

532 2329 619 2375 Sc.
659 2327 760 2374 Hei
802 2327 944 2376 timeo
984 2343 1043 2375 ne
1084 2328 1197 2390 quid
1233 2328 1329 2375 ista
1365 2328 1551 2376 Andria
1584 2333 1799 2391 apportet
1835 2329 1965 2378 moli.
2040 2330 2116 2378 Sr.
2155 2327 2374 2377 Primum
2404 2327 2505 2376 haec
2536 2328 2723 2388 pudice,-

521 2391 802 2451 srugaliter,
845 2397 893 2440 et
932 2392 1156 2441 laboriose
1197 2391 1381 2441 vivebat
1396 2409 1417 2450 ‚-
1459 2393 1611 2440 nendo
1652 2391 1823 2440 lanam‘
1849 2399 1896 2441 et
1936 2395 2134 2442 texendo
2165 2394 2309 2441 telam
2346 2391 2522 2441 victum
2555 2392 2723 2454 quoeri·

526 2461 651 2506 tana.
717 2457 912 2518 Aliquot
947 2462 1158 2505 amantes
1191 2462 1480 2506 accesserunt
1512 2456 1717 2518 pretium
1750 2457 2001 2506 libidinum
2034 2459 2313 2520 pollicentes.
2380 2457 2477 2516 Ila,
2509 2463 2565 2503 ut
2588 2456 2721 2516 inge·

527 2520 658 2568 nium
689 2524 759 2569 est
778 2521 982 2569 omnium
1013 2520 1249 2570 hominum
1278 2537 1308 2570 α
1341 2520 1498 2570 labore
1532 2522 1736 2582 proclive
1764 2523 1825 2569 ad
1856 2522 2118 2583 libidinem,
2148 2521 2378 2570 consensit
2411 2519 2730 2582 pollicitam

526 2585 662 2632 nibus
675 2600 696 2642 ‚⁸
727 2584 892 2634 deinde
911 2587 1047 2648 coepit
1067 2591 1294 2648 qnaestum
1313 2599 1501 2648 corpore
1510 2585 1693 2645 facere.
1762 2586 1860 2641 Qui
1892 2591 2001 2635 tunc
2032 2588 2161 2634 illam
2193 2585 2431 2647 amabant,
2449 2584 2588 2644 sorte
2620 2584 2717 2648 (iia

525 2654 580 2696 nt
589 2648 685 2714 fit)
713 2651 825 2698 illuc
843 2651 1008 2715 filium
1027 2665 1178 2701 meum
1212 2652 1531 2713 perduxerunt
1552 2651 1615 2698 ad
1638 2649 1934 2714 chrysidem,
1975 2655 2029 2698 nt
2060 2666 2153 2699 nna
2184 2665 2290 2698 cnm
2321 2649 2418 2697 iuis
2449 2649 2720 2697 convivare·

525 2717 624 2763 tur.
693 2716 897 2776 Egomet
915 2715 1079 2764 statim
1100 2716 1217 2778 coepi
1239 2730 1416 2764 meeum
1435 2715 1678 2776 cogitat-e,-
1716 2715 1896 2777 Coptna
1928 2720 1999 2763 est
2033 2720 2160 2764 certe
2176 2729 2349 2775 amore,
2370 2713 2509 2763 habet
2540 2715 2721 2763 vuinus.

527 2779 840 2829 Observabam
862 2795 996 2830 mane
1015 2781 1205 2831 illorum
1234 2781 1441 2830 servulos
1468 2780 1706 2829 venientes
1736 2781 1798 2828 ad
1823 2779 2143 2842 Pamphilum,
2169 2785 2254 2828 out
2276 2779 2510 2828 obeuntes.
2576 2777 2718 2841 Scene

1442 2947 1802 2968 OO‘MOOO‘OO

524 3063 700 3115 Plaut.
722 3063 836 3112 Mil.
859 3078 922 3115 ιι.
948 3068 996 3113 8.
1021 3068 1070 3114 2.
1104 3063 1120 3092 ‘
1141 3062 1244 3112 Hic
1270 3063 1519 3126 proximae
1544 3059 1786 3114 vie‘iuiae!
1830 3063 1905 3112 Ut
1926 3062 2055 3112 adeo
2078 3077 2180 3110 non
2204 3076 2331 3125 opus
2350 3061 2420 3111 sit
2442 3061 2577 3110 tueri
2610 3061 2716 3109 haic

520 3126 724 3187 vicinioe,
745 3127 883 3192 quod
905 3141 972 3176 ex
996 3128 1184 3188 Nouio,
1221 3128 1514 3189 Prisciauo,
1552 3134 1607 3178 et
1648 3127 1880 3177 Chai-isio
1914 3127 2127 3176 laudant
2165 3128 2424 3188 Muretus»,
2471 3125 2625 3176 Lind.
2659 3132 2717 3174 et

518 3191 646 3240 Par.
686 3192 834 3242 Weet.
903 3192 964 3239 In
1001 3192 1144 3255 regio
1197 3192 1478 3253 exemplari
1517 3192 1643 3242 hvic.
1680 3192 1831 3241 Lind.
1899 3192 2079 3240 Nostri
2116 3191 2269 3240 codd.
2307 3204 2484 3239 omnes
2524 3190 2713 3239 vitiose

519 3256 702 3318 legunt
723 3256 848 3306 haic.
882 3257 1042 3305 Bent.
1108 3256 1242 3304 Huic
1265 3262 1320 3305 et
1342 3257 1433 3304 Br.
1455 3263 1511 3306 et
1533 3256 1706 3307 Guelf.
1726 3261 1777 3307 2.
1799 3260 1977 3306 8.-44
2013 3257 2172 3304 Bent.
2194 3255 2504 3318 neclegentia,
2536 3261 2714 3318 etymo

517 3335 602 3370 nec
623 3319 891 3382 indagato,
912 3321 1045 3369 sicut
1067 3323 1336 3376 nec-otium,
1359 3321 1408 3370 h.
1430 3335 1478 3370 e.
1494 3322 1747 3381 negotium.
1782 3321 2057 3371 perh—46
2092 3321 2158 3368 Ei
2178 3335 2223 3369 v.
2248 3320 2474 3368 Bru—48
2510 3319 2645 3367 Lana
2666 3323 2713 3367 et

517 3390 556 3433 t.
591 3385 683 3435 Br.
709 3384 886 3434 Guelf.
911 3389 1087 3434 2.——51
1124 3384 1200 3435 Ab
1222 3387 1255 3434 l.
1290 3385 1377 3449 Sic
1403 3385 1506 3435 Gu.
1548 3391 1597 3436 1.
1628 3384 1762 3450 quod
1786 3385 2083 3447 elegantius
2106 3385 2318 3446 vulgato
2339 3400 2369 3433 α
2403 3385 2436 3432 1.
2472 3384 2713 3433 Bothius.

516 3449 564 3497 A
589 3450 620 3498 1.
643 3449 798 3499 etiam
821 3450 910 3498 Br.
939 3451 1129 3501 z.—54
1166 3449 1250 3499 Ita
1287 3450 1524 3513 quaedam
1565 3449 1819 3500 editiones
1859 3456 1999 3498 recte
2039 3449 2303 3498 exhibent.
2366 3447 2563 3508 Vulgo,
2601 3448 2713 3496 illue

515 3529 688 3578 secum,
708 3521 763 3564 nt
779 3530 874 3564 uno
891 3520 1026 3564 esset.
1057 3515 1357 3565 wem—57
1396 3514 1677 3576 Cogitabam
1693 3516 1918 3565 nna—59
1940 3514 2118 3578 Friget
2140 3513 2233 3564 ini.
2300 3513 2360 3563 C.
2384 3512 2472 3561 1112·
2494 3513 2583 3560 hoe
2604 3527 2645 3562 e.
2662 3527 2709 3570 n.

1504 3688 1719 3739 NOTAE

581 3818 641 3858 43
681 3814 793 3858 Htw
851 3808 1035 3872 [Huic]
1087 3809 1297 3872 vieinioe]
1350 3809 1414 3858 Id
1468 3816 1571 3870 est,
1712 3813 1778 3858 56
1814 3805 1994 3871 Habet]
2027 3808 2344 3859 vnlneratus
2379 3812 2472 3856 est.
2522 3807 2711 3856 Trans·

513 3894 565 3934 iu
609 3890 737 3934 lianc:
769 3884 1022 3935 ⁴viciniam.
1077 3886 1300 3935 Dativus
1336 3899 1431 3948 pro
1463 3882 1568 3946 Ac·
1649 3885 1775 3934 latio
1792 3885 1857 3934 ab
1876 3883 2304 3948 Amphitheam-03
2326 3882 2569 3944 ubi‚cum
2590 3883 2710 3932 Gla·

513 3966 765 4022 miserim,
805 3969 865 4012 ut
914 3961 1116 4011 Nonius
1167 3968 1223 4011 et
1274 3960 1568 4010 Priscianus
1648 3961 1874 4010 diatores
1911 3961 2098 4010 vulnus
2140 3964 2473 4021 aeceperunt,
2517 3957 2705 4007 habere

517 4043 838 4090 annotarunt.
903 4037 1141 4087 Donatus
1177 4036 1324 4101 legit,
1353 4037 1451 4086 huc
1491 4037 1565 4086 vi·
1638 4036 1906 4088 dicuntur.
1936 4034 2081 4097 Virg.
2115 4048 2221 4084 ιιι.
2260 4033 2373 4083 AEn.
2420 4033 2437 4061 ‘
2464 4033 2585 4083 Hoc
2619 4035 2703 4082 lia·

517 4118 681 4162 einim.
1645 4111 1767 4161 bet:
1820 4113 1933 4163 haec
1973 4111 2157 4161 melior
2197 4109 2397 4173 magnis
2436 4109 2562 4159 data
2598 4110 2698 4159 vic-

577 4198 641 4238 ··1[:··
681 4190 773 4238 Hei
803 4187 989 4251 vereor]
1034 4191 1050 4217 ⁸
1075 4186 1221 4253 Hei‚’
1261 4187 1564 4252 interjectio
1645 4187 1771 4237 tima
1792 4186 1977 4237 Divis!
2380 4206 2384 4211 ·

517 4266 741 4318 umentis
765 4262 1073 4336 ethdolentis.
1708 4267 1771 4312 57
1804 4261 1965 4326 Heus]
2002 4260 2323 4328 Adverbium
2347 4261 2601 4313 vocantis.
2687 4278 2694 4286 ¹

419 4709 769 4906 L
