3050 4942
845 367 941 414 DE
989 363 1291 414 oomnis
1340 366 1964 416 DIMENSIONIBUS·
2373 349 2502 416 139

315 510 499 589 pleni.
558 507 836 569 Tranioni
866 518 1061 569 autem
1094 527 1262 569 servo
1291 509 1542 588 trepido,
1571 510 1629 569 in
1659 531 1721 570 re
1750 510 2083 590 desperata,
2111 528 2318 570 versus
2343 529 2504 570 com-

314 608 514 686 positi,
561 618 740 685 atque
783 604 894 664 sibi
943 605 1085 684 ipsis
1114 615 1478 665 constantes,
1563 607 1702 666 Seni
1744 606 2113 689 Teuropidae‚
2148 606 2271 666 viro
2319 607 2504 687 gravi,

312 724 515 785 parc0,
544 704 706 777 laete,
726 711 903 763 aucta
921 722 1005 774 re,
1034 712 1229 762 amoto
1254 703 1674 763 maritimorum
1704 713 1863 764 metu
1891 703 2303 783 periculorum,
2331 723 2503 763 sena-

314 801 384 861 rii
433 800 686 865 iambici.
744 816 761 834 ·
787 797 944 868 Quid
990 798 1226 878 gravius
1255 798 1727 881 Amphitryone?
1782 800 1923 880 quid
1968 802 2158 881 magis
2201 801 2505 861 statarium

315 917 497 977 quam
524 897 659 957 finis
691 897 738 955 F
742 894 946 956 abulae.
983 896 1332 955 conversae?
1374 896 1748 957 concluditur
1773 907 1966 976 tamen
1998 898 2223 957 Fabula
2249 887 2509 958 trochai-

314 994 421 1056 cis.
511 995 580 1053 In
611 992 817 1052 Sticho
846 1002 1042 1052 autem
1084 1002 1203 1052 tam
1249 991 1457 1053 iambis
1486 1003 1716 1071 potant,
1761 1014 1938 1073 quam
1964 994 2266 1055 trochaeiS.
2351 993 2508 1053 Gur-

314 1091 502 1171 gulio,
532 1109 777 1150 currens
816 1090 876 1148 in
919 1108 984 1148 re
1011 1107 1185 1161 nova,
1214 1107 1369 1148 novo
1398 1090 1608 1150 nuntio
1656 1090 1880 1151 vehitur
1921 1091 2166 1151 trochaei
2197 1092 2360 1151 rotis.
2428 1092 2505 1149 At

311 1187 614 1273 Acanthio
643 1189 703 1246 in
732 1187 1063 1248 Mercatore
1097 1186 1260 1246 haud
1289 1187 1540 1247 absimili
1567 1188 1627 1246 in
1656 1208 1717 1247 re
1747 1187 2047 1267 quadratis
2077 1189 2258 1249 utitur
2297 1189 2506 1248 iambi·

314 1287 437 1347 cis:
503 1296 566 1346 at
614 1285 823 1345 iisdem
867 1284 927 1342 in
976 1283 1331 1343 Terentiana
1385 1282 1738 1345 Phormione
1785 1285 1941 1345 Geta
1982 1287 2108 1366 pari
2152 1287 2214 1346 in
2241 1285 2507 1366 negotiu.

315 1382 626 1463 Ergasilus
660 1401 794 1442 vero
839 1381 1133 1460 parasitus
1184 1380 1243 1439 in
1286 1380 1573 1459 Captivis,
1600 1391 1722 1442 tam
1748 1382 2085 1455 trochaiciS,
2128 1403 2307 1463 quam
2333 1384 2465 1443 aliis
2488 1403 2516 1442 :-

312 1500 450 1542 cum
480 1491 683 1541 tamen
728 1480 975 1540 similem
1013 1490 1215 1559 ageret
1260 1497 1586 1541 cursuram.
1670 1481 2176 1549 Quemadmodum
2220 1491 2281 1542 et
2321 1481 2509 1541 Dina-

313 1578 473 1639 cium
505 1598 675 1658 puer,
703 1578 762 1635 in
792 1576 1017 1650 Sticho,
1045 1576 1234 1636 nuntii
1262 1586 1468 1637 auctor
1494 1577 1653 1650 novi,
1680 1577 1945 1659 utrisque
1970 1577 2189 1637 mistim
2217 1597 2362 1638 usus
2392 1589 2506 1639 est.

313 1674 615 1736 Praeterea
640 1674 953 1735 trochaicis
1003 1675 1245 1753 Harpax
1296 1674 1524 1736 Cacula
1573 1675 1840 1735 militaris
1881 1676 1943 1734 in
1993 1675 2316 1748 Pseudulo,
2363 1675 2506 1735 dum

311 1772 591 1833 lenonem
614 1772 845 1852 quaerit.
925 1770 1261 1831 Trochaicis
1308 1771 1571 1831 Erotium
1609 1771 1884 1832 meretrix
1912 1772 1971 1831 in
2003 1770 2410 1844 MenaechmiS,
2441 1782 2508 1832 ut

312 1870 631 1930 obsonium
679 1868 1138 1948 comparandum
1167 1877 1355 1929 curet.
1436 1870 1519 1928 At
1558 1888 1592 1928 e
1647 1869 1940 1930 contrario
1988 1869 2297 1929 trochaicis
2344 1870 2512 1950 Lysi-

311 1968 463 2027 teles
491 1965 867 2037 adolescens,
909 1975 987 2026 et·
1017 1965 1232 2045 gravis„
1287 1975 1349 2026 et
1392 1965 1546 2045 frugi
1589 1966 1650 2026 in
1698 1967 2076 2028 Trinummo:
2136 1976 2198 2027 et
2224 1966 2511 2027 Chremes

313 2088 521 2148 senex,
548 2067 637 2127 vir
667 2067 880 2138 bonus,
924 2085 997 2126 ac
1046 2065 1305 2146 prudens
1356 2066 1417 2125 in
1448 2065 1696 2142 Andria,
1747 2067 1902 2129 seria
1942 2068 2002 2126 in
2050 2068 2249 2146 primis
2299 2066 2375 2127 de
2422 2088 2508 2142 re,

309 2174 564 2247 paterno
607 2163 824 2236 anim0,
853 2164 1150 2225 constanti
1192 2164 1642 2243 conquestione.
1726 2164 1903 2234 Quod
1948 2165 1999 2225 si
2027 2165 2104 2225 ad
2155 2166 2388 2225 Davum
2415 2185 2506 2225 re-

309 2261 592 2341 spiciant,
623 2261 724 2340 qui
753 2262 1025 2341 sequenti
1052 2281 1233 2322 scena
1249 2262 1377 2342 jam
1403 2262 1589 2323 otium
1610 2273 1787 2345 atque
1806 2263 2292 2344 tranquillitatem
2320 2263 2523 2343 impe·'

310 2357 503 2418 tando
533 2358 669 2430 sibi,
697 2356 1055 2418 bellissimos
1081 2357 1280 2418 fundit
1309 2360 1660 2433 trochaicoS,
1681 2360 1807 2440 jam
1832 2360 1945 2440 ipsi
1971 2359 2076 2420 illa
2102 2359 2178 2419 de
2203 2359 2505 2420 celeritate

309 2454 542 2534 aliquid
570 2454 901 2515 consultius
930 2455 1248 2515 remittant.
1332 2456 1551 2518 Poetas
1593 2458 1861 2538 profecto
1887 2457 2035 2518 istos
2075 2458 2335 2518 comicos
2364 2477 2504 2517 nos·

312 2558 519 2624 trateS,
548 2563 618 2611 ut
668 2551 729 2610 in
772 2561 1028 2613 mentem
1064 2564 1368 2629 venerant,
1396 2575 1490 2616 res
1520 2554 1855 2635 arripuisse,
1882 2556 2084 2634 eisque
2103 2573 2375 2615 numeros
2405 2575 2505 2615 ac-

313 2647 730 2709 commodasse
758 2667 908 2708 reor.
988 2648 1098 2709 Isti
1145 2669 1283 2710 vero
1320 2650 1739 2730 legumlator-es
1767 2652 1924 2726 novi,
1950 2652 2211 2731 plerique
2238 2652 2352 2713 hoc
2381 2651 2504 2711 suis

311 2744 592 2807 obtinent
618 2744 871 2842 ingeniis
919 2746 1215 2824 peculiare
1243 2765 1258 2805 :
1325 2746 1505 2807 semel
1548 2747 1765 2807 alicubi
1797 2748 1846 2807 si
1875 2747 2021 2826 quid·
2046 2746 2505 2826 deprehendere,

309 2840 471 2901 illico
522 2860 631 2921 pro
669 2841 799 2932 lege
847 2842 1088 2903 habent.
1172 2843 1354 2923 Atqui
1398 2844 1580 2924 longo
1625 2844 1927 2923 multoque
1973 2863 2122 2923 opus
2150 2853 2243 2903 est
2284 2843 2504 2917 studi0,

313 2952 406 2998 est
433 2957 589 3019 opus
618 2937 866 2997 consilio
895 2938 1190 3018 prudenti,
1219 2940 1339 3000 acri
1359 2939 1588 3020 judicio
1617 2960 1769 3020 opus
1806 2951 1931 3002 est:
1974 2959 2311 3022 quanquam
2338 2941 2505 3021 equi·-

314 3034 450 3095 dem
478 3036 915 3113 non'negarim,
947 3035 1301 3097 Fabularum
1331 3038 1536 3111 initiis,
1563 3039 1664 3098 ubi
1700 3040 1926 3100 animos
1954 3057 2244 3119 auresque
2271 3048 2507 3119 specta·

314 3140 510 3192 torum
561 3131 835 3191 trimetris
890 3133 1154 3192 versibus
1222 3134 1595 3207 imbuissent,
1663 3135 1776 3216 ipsi
1839 3135 1950 3196 sibi
1993 3155 2102 3196 suo
2151 3136 2324 3216 quasi
2368 3135 2504 3215 jure

316 3242 582 3308 agerent,
633 3227 911 3308 deinceps
961 3229 1333 3309 interspersis
1385 3231 1601 3290 alicubi
1645 3232 1914 3311 ejusdem
1962 3234 2193 3313 generis
2238 3233 2505 3306 senariis,

312 3324 487 3404 idque
517 3344 715 3404 neque
743 3345 991 3404 semper,
1021 3345 1213 3405 neque
1255 3338 1519 3399 coactos,
1559 3347 1751 3407 neque
1781 3329 2056 3389 consulto
2081 3328 2385 3390 factitasse
2403 3348 2504 3389 ex·

314 3420 666 3479 istimamuS.
730 3421 867 3480 Fuit
892 3433 1085 3486 tamen
1116 3421 1229 3482 hoc
1257 3422 1372 3482 illis
1402 3422 1462 3481 in
1489 3442 1651 3484 more
1678 3426 1959 3503 positum,
1978 3436 2045 3485 ut
2073 3426 2505 3487 narrationibus

318 3516 612 3577 trimetros
666 3518 884 3597 majore
936 3537 1010 3579 ex
1058 3530 1224 3598 parte
1267 3519 1659 3598 adaptarent:
1722 3543 1915 3602 neque
1983 3524 2174 3584 solum
2221 3523 2281 3582 in
2329 3541 2506 3603 argu-

316 3615 553 3689 mentis,
583 3626 686 3675 aut
714 3616 981 3696 prologo,
1010 3629 1113 3677 aut
1139 3619 1380 3697 protasi,
1411 3619 1517 3678 sed
1547 3620 1721 3681 etiam
1750 3622 1906 3702 apud
1928 3642 2210 3702 personas
2227 3642 2349 3694 eas,
2368 3643 2503 3701 quae

316 3712 682 3782 etiamaealiud
711 3724 973 3794 agerent.
1073 3715 1582 3785 Quemadmodum
1637 3738 1773 3778 cum
1812 3718 2015 3779 Davus
2065 3719 2126 3776 in
2153 3718 2399 3790 Andria,
2427 3719 2506 3779 de

323 3806 449 3868 aliis
478 3810 655 3869 rebus
682 3810 955 3889 loquenS,
983 3812 1101 3871 alia
1127 3814 1309 3874 utitur
1347 3833 1625 3873 versuum
1667 3814 2073 3875 dimensione:
2116 3814 2215 3873 ubi
2243 3814 2321 3874 ad
2368 3834 2506 3876 nar-

320 3904 605 3965 rationem
653 3905 969 3967 deventum
1017 3919 1131 3981 est,
1179 3908 1254 3969 de
1310 3911 1444 3970 navi
1501 3911 1689 3971 fracta
1745 3911 1901 3993 apud
1959 3911 2244 3985 Andrum,
2284 3912 2360 3972 ad
2405 3913 2505 3973 tri*

321 4009 534 4060 metros
564 4002 903 4064 divertitur:
947 4005 1078 4064 ‘Ad
1106 4005 1235 4067 haec
1276 4008 1450 4081 mala,
1491 4008 1606 4069 hoc
1641 4009 1780 4069 mihi
1812 4008 2045 4069 accedit
2086 4010 2303 4070 etiam:
2372 4009 2505 4069 haec

326 4096 589 4159 Andria.'
674 4099 895 4161 Eadem
946 4101 1253 4182 diligentia
1288 4105 1346 4164 in
1390 4105 1678 4184 epistolis.
1760 4107 1830 4168 In
1879 4105 2180 4167 Pseudulo
2207 4108 2280 4165 ab
2309 4106 2504 4185 longis

307 4193 384 4279 431
412 4195 671 4256 senarios
713 4196 1062 4260 deflectitur.
1147 4202 1216 4260 In
1259 4200 1530 4262 Asinaria
1569 4223 1823 4289 quoque,
1865 4204 2027 4284 quod
2080 4212 2320 4284 pactum
2360 4222 2504 4288 con3
