3050 4942
592 346 725 414 19⁰
1114 359 1186 410 τ.
1233 358 1456 409 num
1498 354 2257 408 onsnnvnmnounffl

596 503 780 576 aliud,
807 512 868 564 et
892 501 1053 564 aliud
1077 501 1274 563 etiam.
1315 499 1505 561 Andr.
1535 505 1650 559 act.
1684 518 1730 558 1.
1761 517 1851 560 sc.
1875 501 1927 558 1.
1963 498 2101 560 119.
2160 504 2178 534 ‘
2200 498 2316 558 Pro
2349 516 2532 561 uxore
2552 499 2771 563 habere

590 599 748 662 hanc
774 599 1186 681 pere-grinam,
1214 616 1328 678 ego
1355 596 1533 656 il-lud
1581 594 1829 655 sedulo.'
1886 593 2412 655 Manifestissimus
2438 614 2572 657 esse
2599 596 2767 659 vide·

589 709 687 757 tur
711 696 962 758 creticus
990 696 1071 769 in,
1098 693 1244 775 grin’
1272 696 1366 773 eg'
1388 694 1465 762 i1;
1510 692 1721 764 sedin,
1748 692 1870 764 ille,
1898 691 2022 765 illa,
2048 695 2162 752 διο.
2193 691 2330 751 olim
2360 692 2515 772 prior
2540 692 2769 773 syllaba

588 804 715 854 erat
732 792 1092 860 communis;
1136 810 1253 871 quo
1276 789 1420 849 nihil
1446 789 1683 850 certius.
1728 786 1880 848 Ibid.
1917 790 2052 847 141.
2093 793 2111 821 ‘
2134 786 2311 847 Nunc
2329 798 2504 847 tuum.
2518 798 2613 850 est
2633 789 2768 849 offi-

586 891 739 950 cium
766 889 873 949 bas
901 891 1051 950 bene
1079 900 1147 950 ut
1173 887 1481 949 assimules
1504 885 1784 967 nuptias.’
1853 884 1961 943 Est
1995 893 2191 943 autem
2217 882 2315 943 hic
2358 904 2560 945 versus
2590 886 2765 963 plane

587 986 877 1054 trimeter3
920 1005 1060 1064 ergo
1081 985 1350 1045 Creticus
1376 981 1436 1041 in
1463 982 1652 1062 prima
1672 979 1836 1042 sede.
1878 980 1975 1039 Ad
1999 978 2060 1037 id
2081 988 2350 1059 negatur,
2377 1000 2481 1061 per
2507 982 2766 1041 collisio-

584 1100 739 1160 nem,
757 1082 1002 1155 scilicet,
1019 1091 1081 1141 et
1099 1081 1413 1162 synizesin,
1433 1080 1518 1139 ita
1534 1088 1600 1140 ut
1618 1078 1694 1138 sit
1712 1075 2031 1157 spondaeus
2053 1075 2113 1134 in
2137 1077 2323 1155 prima
2337 1087 2504 1155 parte
2527 1078 2765 1138 senarii.

744 1178 895 1239 Ibid.
924 1197 1011 1239 sc.
1041 1182 1101 1239 2.
1136 1180 1229 1239 12.
1288 1186 1305 1213 ‘
1331 1177 1520 1237 Dave.
1597 1176 1771 1236 Hem.
1820 1173 1963 1254 quid
2012 1171 2148 1233 est?
2208 1173 2464 1233 ehodum
2510 1174 2588 1234 ad
2631 1194 2764 1235 me:

901 1274 1042 1354 quid
1070 1274 1167 1334 hic
1192 1273 1363 1335 volt?
1403 1272 1546 1354 quid
1576 1274 1662 1332 ais
1684 1270 1711 1329 ’ἔ
1753 1291 1873 1351 qua
1899 1270 1975 1331 de
2002 1269 2105 1331 re?
2146 1270 2363 1350 rogas?

664 1369 876 1443 Nemo,
915 1370 1146 1431 videtur
1187 1381 1366 1443 certe,
1409 1389 1630 1449 negare
1678 1369 1889 1449 possit,
1939 1367 2081 1448 quin
2127 1367 2225 1428 hic
2269 1369 2350 1428 sit
2390 1368 2658 1432 Creticus
2700 1368 2762 1427 in

577 1475 790 1546 quarta
833 1467 1093 1548 regione,
1139 1486 1275 1528 nam
1304 1486 1506 1528 versus
1555 1476 1650 1527 est
1691 1465 2027 1527 octonarius
2057 1464 2416 1525 acatalectus
2455 1464 2762 1527 iambicus.

526 1575 535 1580 ’
577 1561 699 1622 Sed
727 1561 858 1622 vide
883 1582 898 1623 :
941 1563 1106 1623 aiunt
1133 1562 1189 1623 D
1218 1562 1393 1623 elidi:
1434 1564 1638 1643 itaque
1665 1562 1983 1643 spondaeus
2010 1580 2084 1622 ex
2114 1561 2349 1622 Cretico
2374 1562 2494 1622 fiet.

737 1660 872 1720 Act.
900 1680 977 1720 11.
996 1679 1082 1720 sc.
1106 1661 1164 1721 6.
1189 1663 1282 1722 17.
1320 1666 1338 1697 ‘
1353 1659 1456 1720 Nil
1470 1669 1711 1741 propter
1732 1659 1886 1719 hanc
1910 1677 2052 1729 rem,
2069 1657 2175 1718 sed
2194 1667 2306 1732 est,
2327 1657 2487 1737 quod
2511 1677 2761 1719 succen-

896 1768 984 1818 set
1002 1757 1145 1820 tibi:
1173 1758 1251 1817 Et
1267 1776 1440 1818 mox:
1471 1766 1489 1793 ‘
1507 1757 1800 1827 Quidnam
1819 1755 1953 1816 est?
1981 1753 2188 1835 pueril'
2207 1764 2319 1828 est,
2335 1753 2480 1834 quid
2495 1753 2756 1827 est,'&c.

653 1854 721 1911 In
748 1862 998 1933 utroque
1023 1855 1293 1935 exemplo
1321 1855 1616 1916 affirmant
1642 1854 1921 1916 miserum
1947 1850 2094 1911 illud
2124 1851 2180 1911 D
2208 1852 2391 1913 exteri
2416 1849 2650 1925 debere,
2679 1852 2758 1911 ob

568 1948 732 2027 quod
762 1950 1054 2025 meritum,
1082 1950 1303 2012 nescio.

730 2049 865 2110 Act.
896 2070 990 2111 ιν.
1018 2068 1106 2109 sc.
1127 2053 1187 2108 4.
1216 2051 1319 2113 26.
1415 2055 1433 2083 ⁴
1452 2049 1651 2109 Vestri
1697 2045 1854 2128 cuju’
1887 2045 2140 2108 ve-stri?
2198 2044 2507 2125 Pamphili.
2556 2045 2711 2108 Hem
2739 2065 2755 2104 :

888 2145 1054 2224 quid,
1080 2143 1416 2225 Pamphili?
1432 2145 1450 2172 ’

652 2240 763 2300 Est
788 2238 1153 2302 indubitatus
1184 2241 1468 2301 iambicus
1518 2241 1783 2302 senarius
1811 2262 1827 2303 ε
1887 2243 2085 2324 itaque
2130 2243 2396 2304 Creticus
2425 2238 2750 2301 secundam

568 2336 772 2397 sedem
798 2338 1129 2417 occupabit,
1157 2357 1276 2417 quo
1319 2348 1379 2397 te
1421 2358 1673 2418 cumque
1702 2341 1965 2415 verteris,
2008 2337 2124 2401 ‘nisi
2151 2341 2404 2422 priorem
2441 2338 2526 2409 in,
2573 2334 2751 2415 cuju',

565 2433 795 2492 brevem
823 2433 964 2494 olim
989 2434 1174 2496 fuisse
1200 2434 1550 2509 contendas,
1580 2434 1740 2514 quod
1770 2456 1848 2497 an
1874 2439 1998 2499 fieri
2023 2439 2214 2521 possit
2239 2436 2465 2497 dubito.
2524 2432 2750 2492 Tamen

563 2538 626 2587 et
650 2529 730 2589 ad
754 2529 868 2592 boc
893 2531 1274 2612 respondent,
1302 2533 1592 2614 syllabam
1616 2532 1800 2608 illam,
1838 2535 1950 2615 ju’,
1986 2535 2162 2616 plane
2189 2533 2409 2616 perite:
2455 2528 2616 2591 unde
2641 2546 2750 2610 pm

562 2624 798 2688 Cretico
824 2628 1069 2689 habebis
1096 2628 1465 2709 spondoeum.

723 2723 875 2785 Eun.
903 2733 1021 2784 act.
1045 2745 1092 2784 1.
1125 2746 1210 2786 sc.
1245 2727 1300 2787 1.
1329 2729 1426 2787 34.
1470 2731 1488 2759 ‘
1507 2724 1631 2786 Sed
1659 2745 1800 2787 ecca
1837 2728 1998 2808 ip·sa
2032 2727 2331 2808 egreditur
2354 2724 2540 2785 nostri
2578 2720 2747 2783 fundi

878 2821 1224 2883 calamitas!

721 2916 854 2976 Act.
883 2936 993 2976 111.
1024 2935 1110 2978 sc.
1145 2922 1200 2979 1.
1229 2920 1287 2977 5.
1336 2924 1353 2952 ‘
1372 2917 1711 2979 Dedu·cam
1737 2917 1846 2981 sed
1888 2937 2125 2981 ec-cum
2153 2919 2430 2980 militem:
2472 2924 2568 2976 est
2594 2916 2743 2975 istuc

875 3011 1123 3071 datum!

640 3104 830 3164 Nemo
858 3124 977 3165 non
1006 3104 1228 3184 dejeret
1267 3126 1402 3168 esse
1439 3107 1736 3168 Creticum
1775 3112 1838 3171 in
1873 3110 2017 3171 locis
2066 3110 2308 3182 notatiS,
2334 3117 2415 3185 {at
2442 3105 2614 3166 multi
2641 3126 2742 3166 ne-

554 3209 718 3277 gant.
799 3201 955 3261 Nam
1001 3202 1142 3262 olim
1181 3202 1487 3265 dicebatur
1530 3225 1722 3281 ecum,
1770 3224 1957 3279 ecam,
2005 3206 2145 3286 quia
2193 3225 2312 3266 non
2361 3202 2744 3283 geminabant

553 3296 803 3356 eandem
832 3306 1280 3360 consonantem.

722 3392 871 3453 Ibid.
894 3395 993 3454 55.
1036 3400 1053 3429 ‘
1077 3395 1167 3454 Tu
1195 3415 1302 3476 par
1327 3397 1459 3475 pari
1483 3396 1696 3458 referto
1723 3397 1886 3477 quod
1914 3417 2075 3459 ew
2102 3393 2468 3460 remordeat’

551 3487 661 3550 Est
686 3489 1021 3568 planissime
1049 3492 1337 3567 senarius,
1366 3513 1473 3554 seu
1501 3495 1783 3558 trimeter.
1846 3496 2246 3565 Quamobrem
2268 3494 2328 3554 in
2355 3490 2566 3571 quinta
2594 3487 2742 3550 seda

547 3584 665 3648 erit
688 3585 977 3647 Creticus.
1062 3587 1183 3648 Sed
1209 3598 1272 3648 et
1296 3590 1396 3667 qui
1432 3590 1729 3651 Creticum
1771 3589 1909 3650 hinc
1952 3589 2252 3669 ablegant,
2300 3585 2447 3647 scin'
2497 3594 2564 3643 tu
2594 3582 2738 3664 quid

548 3680 799 3742 dicant!
838 3682 1044 3744 dicunt
1066 3682 1154 3744 illi
1177 3702 1411 3745 versum
1445 3705 1579 3747 esse
1627 3686 1796 3747 aliter
1838 3684 2242 3752 metiendum;
2298 3682 2420 3743 sic:
2480 3678 2573 3740 Tu
2600 3698 2735 3760 pat·

544 3777 941 3856 pari-refer-to
961 3779 1121 3858 quod
1149 3781 1689 3843 eam-remor-deat.

624 3872 705 3935 Et
723 3883 866 3936 tunc
892 3876 1003 3936 erit
1026 3887 1366 3956 anapaestus
1401 3878 1461 3937 in
1489 3888 1702 3957 quarta
1731 3876 2093 3937 dimensione
2120 3893 2345 3935 versus.
2427 3871 2500 3932 Id
2528 3880 2732 3931 autem

539 3986 743 4028 verum
767 3987 900 4030 esse
926 3980 1159 4048 potestz
1202 3991 1340 4032 nam
1380 3972 1539 4046 olim,
1582 3991 1737 4046 eum,
1774 3992 1926 4046 eam,
1968 3992 2092 4045 eas,
2142 3990 2336 4044 suum,
2383 3988 2548 4040 suas,
2575 3966 2724 4039 suis,

543 4065 653 4121 διο.
681 4066 1091 4145 monosyllaba
1130 4077 1318 4141 erant,
1362 4078 1430 4127 ut
1472 4088 1548 4128 ex
1589 4068 1862 4129 Lucretio
1905 4078 2174 4136 constat;
2233 4086 2309 4127 ne
2353 4065 2434 4125 ad
2471 4063 2726 4124 Ennium

539 4174 751 4234 usque,
793 4169 856 4219 et
897 4161 974 4219 ad
1022 4161 1244 4222 Livium
1287 4161 1690 4224 Andronicum
1740 4163 2157 4224 ascendamus.
2242 4160 2361 4221 Sed
2411 4169 2473 4220 et
2515 4158 2723 4219 falsam

538 4250 619 4311 ibi
643 4246 954 4313 lectionem
980 4274 1135 4328 esse,
1163 4257 1303 4330 dixi,
1330 4257 1560 4337 opinor,
1600 4259 1661 4317 in
1688 4257 1953 4330 ,Notulis-
