3050 4942
832 365 927 412 ns
974 365 1382 415 TRAGOEmA
1435 367 1523 416 ΕΤ
1568 367 1948 419 concnam.
2324 402 2330 409 -
2396 359 2488 426 4⁵1

290 506 638 569 fabularum.
725 508 923 588 Cujus
962 509 1140 570 moris
1167 508 1565 570 diversitatem
1610 511 1931 590 antiquitas
1981 511 2210 590 probat.
2301 513 2477 588 Nam,

290 626 422 667 cum
466 605 729 686 'primum
776 605 958 685 aliqui
1001 605 1235 666 fabulas
1281 605 1547 677 ederent,
1582 608 1840 687 ipsarum
1868 607 2109 668 nomina
2136 612 2479 689 pronuntia-

289 704 501 763 bantur
529 714 692 777 ante,
719 722 898 784 quam
925 705 1119 784 poetae
1146 705 1685 784 pronuntiarentur,
1711 724 1785 764 ne
1804 704 2002 784 aliqua
2027 704 2248 765 invidia
2275 726 2313 766 a
2340 712 2486 770 scri-

288 803 485 863 bendo
523 802 803 863 deterreri
844 810 1110 882 possent.
1219 801 1373 862 Cum
1421 812 1619 863 autem
1665 823 1769 884 per
1805 802 2122 863 editionem
2169 804 2486 867 multarum

288 902 482 979 poetae
502 901 630 980 jam
658 910 821 961 esset
843 900 1158 961 auctoritas
1187 900 1499 980 acquisita,
1542 921 1747 963 rursus
1792 901 1989 980 priora
2028 901 2337 979 poetarum
2378 923 2487 963 no-

288 999 451 1058 mina
471 999 947 1078 proferebantur:
1010 1006 1078 1058 ut
1104 1016 1210 1078 per
1250 998 1511 1078 ipsorum
1539 998 1830 1059 vocabula
1856 996 2070 1057 fabulis
2114 999 2361 1061 attentio
2385 1019 2486 1062 ac·-

291 1094 642 1175 quiret-etur.

370 1193 561 1253 Aetas
612 1192 859 1254 diversis
908 1192 1069 1254 ludis
1116 1193 1489 1255 manifestum
1538 1203 1634 1255 est
1668 1195 1926 1259 inscribi.
1950 1195 1954 1199 ’
2012 1200 2167 1261 Nam
2214 1200 2487 1264 ludorum

290 1298 549 1369 quatuor
574 1299 712 1349 sunt
739 1289 987 1369 species,
1014 1310 1168 1369 qnos
1196 1289 1432 1353 curules
1461 1290 1668 1352 aediles
1695 1310 1938 1356 munere
1965 1298 2205 1377 publico
2242 1309 2485 1359 curanti

293 1387 702 1466 Megalenses,
749 1389 982 1467 magnis
1034 1387 1165 1448 Diis
1219 1389 1571 1469 consecrati,
1626 1410 1776 1469 quos
1833 1391 2028 1454 Graeci
2087 1396 2490 1473 Μεγαλησίους

291 1482 634 1564 appellanti
661 1488 707 1523 ¹⁷
768 1485 1093 1559 Funebres,
1138 1485 1217 1546 ad
1257 1484 1629 1547 retinendum
1682 1488 1967 1567 populum
2017 1492 2288 1566 instituti,
2346 1492 2498 1554 dum⁴

290 1601 516 1662 pompa
559 1582 752 1642 funeri
781 1581 1021 1644 decreta
1069 1581 1128 1644 in
1176 1582 1463 1645 honorem
1505 1584 1735 1665 patricii
1782 1587 1885 1646 viri
1932 1588 2106 1669 plene
2148 1590 2488 1651 instruitur:

293 1679 547 1753 Plebeii,
572 1679 675 1758 qui
701 1699 808 1758 pro
837 1679 1028 1741 salute
1059 1681 1249 1763 plebis
1291 1681 1588 1744 eduntur:
1634 1682 2028 1763 Apollinares,
2059 1687 2318 1767 Apollini
2344 1707 2489 1748 con-

291 1777 531 1838 secrati.
615 1778 685 1838 In
708 1798 891 1839 scena
917 1779 1054 1841 duae
1083 1799 1201 1840 arse
1243 1780 1385 1860 poni
1431 1779 1725 1852 solebant,
1774 1780 1985 1842 dextra
2014 1783 2226 1857 Liberi,
2256 1784 2493 1845 sinistra

291 1875 422 1955 eJus
449 1875 590 1948 Dei,
615 1877 713 1936 cui
739 1875 866 1936 ludi
894 1878 1150 1939 fiebant:
1208 1878 1369 1940 unde
1396 1877 1708 1940 Terentius
1738 1879 1799 1937 in
1827 1879 2053 1942 Andria
2080 1881 2183 1955 ait,
2224 1888 2242 1917 ‘
2269 1882 2358 1941 Ex
2387 1900 2491 1942 ara

293 1972 407 2032 bac
435 1993 605 2033 sume
625 1975 955 2035 verbenas!

375 2070 540 2131 Hinc
564 2071 841 2152 Ulyssem
869 2072 1174 2153 palliatum
1204 2090 1434 2152 semper
1463 2071 1789 2134 inducunt:
1835 2074 1957 2135 sive
1983 2075 2146 2155 quod
2168 2076 2489 2156 aliquando

294 2169 592 2229 insaniam
621 2169 947 2230 simulavit:
990 2188 1110 2249 quo
1137 2179 1398 2248 tempore
1425 2178 1647 2231 tectum
1666 2191 1731 2231 se
1758 2191 1892 2232 esse
1919 2172 2125 2246 voluit,
2154 2192 2228 2233 ne
2257 2176 2493 2252 agnitus

298 2276 613 2347 cogeretur
660 2266 720 2326 in
745 2267 906 2328 bella
943 2266 1210 2348 prodire;
1276 2286 1381 2329 seu
1429 2269 1508 2330 ob
1556 2268 1915 2349 singularem
1963 2270 2334 2350 sapientiam,
2374 2291 2496 2351 qua

297 2374 493 2426 tectus
537 2363 919 2444 munitusque
953 2364 1270 2445 plurimum
1312 2365 1486 2427 sociis
1514 2366 1753 2445 profuit.
1838 2366 2033 2446 Hujus
2080 2366 2236 2427 enim
2263 2367 2495 2430 virtutis

299 2472 445 2536 erat,
474 2463 658 2523 animi
686 2483 917 2544 semper
936 2462 1289 2543 decipientis«
1307 2463 1633 2543 ingenium.
1676 2464 1964 2525 Nonnulli
1993 2463 2219 2524 Itbacae
2246 2465 2495 2541 incolas,

302 2560 454 2620 sicut
479 2560 722 2630 Locros,
749 2560 1026 2639 palliatos
1062 2560 1246 2621 fuisse
1273 2569 1755 2622 commemorant.
1811 2560 2060 2621 Achillis
2087 2571 2150 2621 et
2176 2561 2498 2641 Neoptole-

300 2657 377 2715 mi
405 2675 685 2736 personae
714 2655 1053 2717 diademata
1076 2657 1337 2718 habent:
1381 2659 1654 2736 quamvis
1680 2659 1905 2738 regalia
1933 2668 2168 2738 sceptra
2195 2679 2498 2738 nunquam

299 2752 636 2814 tenuerint:
671 2754 841 2832 cujus
864 2755 1192 2832 argumenti
1213 2753 1480 2831 probatio
1504 2753 1640 2812 talis
1660 2753 1979 2824 inducitur,
2012 2754 2174 2832 quod
2194 2773 2497 2833 nunquam

299 2870 433 2911 cum
458 2850 692 2929 reliqua
720 2849 973 2910 Groeciae
990 2850 1324 2930 juventute,
1352 2848 1430 2909 ad
1460 2848 1722 2929 gerenda
1741 2870 1873 2909 cum
1902 2849 2171 2929 Trojanis
2199 2851 2374 2924 bella,
2402 2871 2498 2911 sa-

301 2956 609 3008 cramenta
655 2947 1072 3027 conjurationis
1121 2947 1396 3020 inierunt,
1440 2966 1553 3007 nec
1595 2962 1858 3026 unquam
1900 2938 2011 3006 sub
2037 2946 2496 3026 Agamemnonis

297 3044 543 3124 imperio
570 3043 830 3104 fuerunt.

379 3140 644 3202 Cornicis
667 3140 904 3200 senibus
927 3140 1219 3203 candidus
1245 3140 1492 3202 vestitus
1515 3132 1562 3171 ¹⁸
1601 3138 1919 3214 inducitur,
1941 3140 2105 3219 quod
2131 3141 2182 3200 is
2213 3141 2500 3221 antiquis-

303 3239 482 3299 simus
502 3237 692 3298 fuisse
712 3246 1085 3298 memoratur.
1136 3236 1636 3297 Adolescentibus
1655 3237 1911 3297 discolor
1930 3237 2284 3303 attribuitur.
2337 3238 2500 3298 Servi

303 3335 514 3395 comici
543 3334 762 3395 amictu
789 3336 1001 3415 exiguo
1021 3344 1439 3415 conteguntur,
1468 3333 1834 3413 paupertatis
1863 3334 2121 3414 antiquae
2150 3334 2360 3414 gratia,
2405 3333 2501 3395 vel

302 3451 421 3512 quo
468 3431 865 3511 expeditiores
920 3441 1120 3512 agant.
1223 3433 1476 3493 Parasiti
1519 3448 1653 3493 cum
1707 3432 1937 3493 intortis
1990 3430 2186 3511 palliis
2234 3432 2499 3492 veniunt.

303 3530 468 3590 Laeto
497 3530 750 3592 vestitus
777 3531 1105 3593 candidus:
1149 3550 1482 3590 aerumnoso
1531 3529 1875 3589 obsoletus:
1932 3546 2258 3610 purpureus
2288 3528 2495 3588 diviti:

301 3628 549 3708 pauperi
576 3627 921 3708 phoeniceus
952 3628 1159 3688 datur:
1190 3628 1355 3689 militi
1374 3627 1640 3707 chlamys
1665 3645 1987 3706 purpurea:
2021 3625 2232 3705 puellae
2260 3625 2496 3685 habitus

302 3725 651 3806 peregrinus
677 3722 995 3786 inducitur.
1081 3726 1240 3787 Leno
1279 3726 1459 3805 pallio
1481 3724 1627 3787 varii
1676 3722 1891 3784 coloris
1920 3724 2119 3782 utitur.
2204 3719 2500 3781 Meretrici

369 3925 430 3971 17
464 3919 804 3982 Μεγαλησίους
834 3918 1098 3984 appellant]
1138 3918 1242 3969 Ms.
1264 3922 1365 3967 Me·
1446 3917 1598 3967 Σιῶνε
1645 3915 1742 3964 hoc
1778 3919 1881 3975 est,
1923 3913 2028 3963 Dis
2063 3911 2280 3976 magnis.
2362 3910 2499 3960 Nam

308 3998 617 4061 noymoyc.
682 3994 912 4046 Videtur
965 3995 1242 4059 legendnm
1283 3993 1370 4057 (ut
1445 3991 1690 4053 Doribus‚
1724 3996 1783 4039 ut
1819 3995 1875 4039 et
1910 3988 2065 4040 Plato
2110 3995 2166 4040 et
2193 3987 2504 4038 Aristoteles

308 4080 361 4120 et
396 4073 449 4121 in
482 4072 626 4123 Pitb.
647 4071 740 4122 lib.
761 4070 1090 4121 emendatum
1112 4071 1252 4136 erat)
1274 4076 1371 4119 Me·
1448 4065 1867 4130 testantur-,2³35
1886 4072 1967 4116 est
1997 4068 2162 4117 Deus.
2198 4067 2275 4116 Id.
2415 4094 2418 4097 ·

307 4146 482 4206 γάλονς
509 4147 665 4199 scobs.
727 4148 858 4197 Vult
876 4146 1204 4211 Megalenses
1223 4145 1370 4196 ludo·
1513 4148 1579 4195 18
1635 4144 1880 4193 Candidus
1916 4144 2137 4208 vestitas]
2187 4144 2272 4192 De
2314 4140 2502 4192 vestitu

314 4239 493 4275 nomen
548 4224 806 4276 invenisse
859 4222 954 4273 διπδ
1004 4224 1099 4272 τῶν
1149 4219 1371 4284 μεγάλων
1448 4222 1649 4272 comico
1671 4220 1776 4272 vid.
1797 4219 2080 4271 Pollucem.
2131 4220 2210 4268 Id.

438 4323 613 4388 Delph.
635 4329 684 4373 et
710 4322 822 4374 γαν.
842 4323 970 4371 ctas.
1330 4319 1517 4372 Terent.
2316 4316 2370 4364 D
