3050 4942
494 373 626 438 196
1338 389 1445 437 σο.
1499 389 1830 438 nannius

489 535 674 596 altera
699 533 910 605 brevis,
951 532 1052 613 qui
1093 531 1340 590 maxime
1388 530 1583 591 iambo
1631 529 1962 590 contrarius
2004 539 2117 591 est.
2203 528 2381 599 Quod
2424 530 2562 592 ideo
2591 531 2691 591 hic

488 631 673 691 obiter
701 628 1114 708 monem-quia
1161 627 1369 687 Cicero
1412 639 1473 688 et
1517 626 1922 695 Quintilianus
1966 626 2127 686 hunc
2163 626 2376 707 pedem
2407 626 2689 688 choreum

486 726 828 806 plerumque
855 725 1177 805 appellant,
1205 721 1370 784 illum
1392 732 1587 782 autem
1613 722 1860 782 alterum
1890 723 2076 783 tribus
2104 724 2378 783 brevibus
2404 712 2691 783 constan-

489 834 608 883 tem
637 822 960 883 trochaeum
989 830 1237 881 vocant:
1284 821 1641 881 contrarium
1667 838 1804 879 vero
1833 820 1977 889 facit
2009 820 2423 899 Hephaestion,
2466 829 2528 879 et
2560 820 2691 901 ple·

485 919 652 997 rique
682 918 1080 998 grammatici;
1124 937 1275 996 quos
1314 915 1449 976 ideo
1494 916 1815 995 sequimur,
1859 936 1934 977 ne
1967 936 2004 976 a
2036 935 2195 977 more
2223 926 2459 996 recepto
2488 915 2689 984 disce-

492 1016 631 1075 dere
660 1014 982 1074 videamur.
1463 1070 1467 1073 .

569 1111 1086 1172 Proceleusmatici
1112 1111 1352 1190 quidem
1379 1111 1572 1170 minus
1604 1112 1937 1191 frequenter
1965 1120 2282 1171 occurrunt
2297 1129 2481 1190 quam
2506 1109 2714 1170 ceteri.

485 1208 671 1288 pedes
703 1228 882 1287 supra
907 1209 1231 1281 memorati,
1261 1207 1370 1268 sed
1399 1228 1825 1287 nonnunquam
1853 1217 2049 1268 tamen
2079 1207 2432 1268 adhibentur
2456 1227 2474 1268 ε
2515 1214 2583 1265 ut
2607 1225 2624 1264 t

726 1337 845 1405 Qui
874 1358 1032 1417 saepe
1058 1347 1295 1416 propter
1320 1337 1601 1398 invidiam
1630 1337 1902 1397 adimunt
1928 1336 2131 1398 diviti·

487 1467 702 1559 saepius
731 1475 927 1525 autem
958 1466 1018 1524 in
1047 1466 1236 1546 prima
1265 1465 1429 1538 sede,
1471 1477 1531 1526 et
1578 1467 1637 1527 in
1689 1467 1761 1528 iis
1812 1467 2168 1527 dictionibus
2200 1487 2334 1546 quae
2364 1466 2440 1527 ad
2467 1466 2685 1528 flexum

487 1564 647 1623 vocis
679 1563 866 1643 magis
896 1563 1460 1624 accommodantur.
1506 1576 1613 1625 ut.

731 1693 822 1751 Ita
849 1692 1105 1773 populus
1137 1692 1334 1751 studio
1363 1693 1680 1772 stupidus
1667 1714 1725 1752 ιιι
1755 1693 2120 1754 funambulo.

730 1788 974 1848 Minime
1003 1789 1278 1868 equidem
1307 1809 1400 1849 mc
1429 1791 1742 1864 oblectari,
1771 1811 1907 1869 quae
1934 1811 2069 1851 cum
2098 1790 2302 1851 milite.

488 1898 709 1968 Quinta
735 1922 872 1961 vero
902 1901 1075 1961 sedes
1119 1901 1212 1961 vel
1262 1902 1849 1982 proceleusmaticum
1899 1904 1993 1963 vel
2037 1903 2375 1983 tribrachyn
2419 1923 2549 1963 raro
2579 1901 2686 1962 ad-

483 1999 695 2066 mittin
727 2019 803 2057 ne
829 1999 1056 2060 scilicet
1082 2000 1296 2058 nimius
1327 2000 1405 2059 sit
1429 2001 1695 2059 bre-vium
1729 2000 2087 2082 syllabarum
2109 2020 2463 2088 concursus,
2484 2019 2683 2079 quem,

485 2115 668 2176 prope
696 2098 871 2155 finem
900 2116 1126 2170 versuS,
1156 2117 1326 2157 aures
1356 2117 1475 2157 non
1506 2097 1683 2158 facile
1713 2099 2036 2177 patiuntur.

1199 2255 1312 2321 DE
1366 2251 1970 2324 TETRAMETRI'S.

565 2363 908 2434 Tetrametri
938 2394 1044 2435 seu
1069 2377 1354 2436 octonarii
1382 2385 1521 2435 sunt
1548 2376 1644 2437 vel
1672 2376 1925 2450 iambici,
1954 2378 2044 2438 vel
2075 2375 2378 2438 trochaici.
2452 2367 2682 2437 Rursus

479 2468 711 2529 iambici
739 2472 1059 2531 tetrametri
1087 2481 1224 2531 sunt
1251 2470 1344 2530 vel
1373 2456 1766 2545 acatalectic'i,
1818 2473 1908 2532 vel
1937 2473 2287 2534 catalectici.
2370 2476 2685 2534 Acatalec-

480 2566 581 2625 tici
608 2578 914 2640 vocantur,
956 2568 1054 2646 qui
1093 2568 1320 2647 justam
1371 2588 1706 2630 mensuram
1752 2580 1888 2630 octo
1932 2561 2149 2651 pedum
2180 2590 2410 2651 semper
2439 2563 2684 2643 habent,

482 2682 731 2740 quorum
761 2664 998 2724 ultimus
1023 2676 1115 2725 est
1143 2665 1410 2725 iambus:

645 2777 744 2837 Nil
772 2788 893 2837 tam
922 2778 1160 2839 difficile
1187 2789 1300 2853 est,
1329 2781 1472 2859 quin
1501 2782 1823 2861 quaerendo
1851 2783 2189 2862 investigari
2215 2782 2458 2862 possiet.

479 2906 722 2964 Iambici
763 2908 1039 2967 catalecti
1088 2909 1214 2986 (qui
1254 2920 1314 2968 et
1360 2920 1669 2970 scazontes
1720 2909 2017 2985 dicuntur)
2062 2918 2204 2969 sunt
2230 2908 2488 2987 quibus
2472 2926 2532 2966 ιιι
2563 2907 2679 2967 fine

478 3019 599 3058 una
650 2999 818 3059 deest
859 3002 1109 3079 syllaba,
1154 3002 1355 3062 sedem
1403 3006 1714 3083 septimam
1766 3006 1889 3066 sive
1933 3005 2317 3085 penultimam
2346 3015 2679 3085 occupante

476 3095 711 3174 iambo:
756 3105 862 3154 ut·

546 3211 688 3282 S'ulu
723 3222 734 3303 Ι
770 3231 906 3283 tant
934 3224 1017 3284 ad
1046 3223 1058 3303 Ι
1093 3243 1306 3285 coenam
1343 3224 1354 3306 Ι
1388 3236 1596 3287 vocant
1634 3227 1645 3309 Ι
1680 3231 1864 3292 adven
1900 3229 1911 3311 Ι
1947 3238 2067 3290 tum
2092 3251 2213 3310 gra
2248 3229 2257 3311 Ι
2297 3227 2468 3320 talem
2505 3226 2516 3307 Ι
2555 3236 2673 3287 tur.

478 3351 546 3409 In
576 3352 940 3412 catalecticis
970 3364 1187 3425 tamen,
1237 3352 1397 3432 apud
1447 3356 1738 3416 comicum
1784 3369 2070 3429 nostrum,
2119 3376 2227 3437 pro
2268 3356 2463 3415 iambo
2515 3371 2675 3431 saepe

472 3447 709 3524 ponitur
730 3446 1050 3528 spondaeus
1071 3447 1163 3507 vel
1187 3447 1504 3529 dactylus
1490 3471 1550 3508 in
1577 3451 1718 3512 sede
1746 3452 1972 3532 penult.
1994 3452 2087 3511 vel
2109 3452 2289 3511 etiam
2310 3446 2679 3527 tribrachys:
2697 3512 2703 3516 ,

478 3552 564 3615 ut,
597 3538 745 3606 Hec.
778 3565 858 3606 11.
887 3548 946 3605 2.

555 3658 747 3719 Novi:
787 3669 847 3719 et
874 3679 1009 3737 quae
1038 3658 1185 3723 dicis
1213 3659 1410 3718 omnia
1438 3679 1572 3718 esse
1602 3668 1667 3719 ut
1696 3659 1844 3719 dicis
1873 3654 2129 3719 animum
2152 3636 2395 3718 induco.

563 3759 631 3811 Et
663 3771 715 3811 ta:
751 3759 859 3817 huc
887 3755 1026 3814 mihi
1055 3755 1230 3834 cupio
1257 3754 1518 3826 credere,
1548 3748 1708 3813 illam
1738 3756 1814 3813 ad
1836 3774 1942 3835 yos
1974 3753 2160 3813 redire
2191 3753 2426 3822 stude0,

555 3851 615 3907 :2³1
651 3855 835 3911 [abere
859 3852 1078 3931 possim
1104 3851 1226 3909 ullo
1255 3851 1452 3910 modo.
1542 3851 1603 3909 L.
1653 3847 1803 3916 Quae
1834 3871 1925 3910 res
1954 3860 2013 3908 te
2038 3849 2230 3908 facere
2261 3848 2323 3906 id
2352 3845 2670 3927 prohibet?

475 3979 775 4035 'liucinii-ti
807 3980 1125 4039 tetrametri
1152 3980 1308 4057 apud
1358 3979 1516 4038 hunc
1545 3987 1841 4038 auctorem
1873 3989 2011 4038 sunt
2040 3978 2382 4057 plerumque
2410 3976 2672 4035 catalec-

475 4075 591 4135 τἰιϊι,
639 4075 671 4127 i.
707 4098 755 4131 υ.
807 4075 1015 4151 quibus
1046 4075 1104 4132 in
1134 4076 1249 4134 fine
1279 4095 1398 4134 una
1436 4073 1610 4133 deest
1637 4076 1869 4155 syllaba
1897 4077 2112 4147 brevis»,
2155 4094 2273 4155 quo
2302 4074 2495 4131 minus
2524 4091 2672 4132 con·

475 4179 623 4223 alt-nt
659 4183 791 4227 num
823 4168 1006 4247 plenis
1037 4170 1309 4252 pedibu8‚
1352 4190 1597 4251 quorum
1630 4172 1914 4251 septimus
1942 4182 2035 4231 est
2065 4171 2395 4231 trochaeus:
2441 4184 2544 4228 ut:
