3050 4942
507 346 597 415 28
1401 366 1809 416 ramur-10.

510 508 830 577 Biblioth.
871 509 1020 575 Lat.
1067 522 1148 574 11.
1189 507 1299 575 30.
1346 509 1712 597 Eugraphii
1753 515 2022 579 aetatem
2071 513 2161 580 ad
2207 512 2386 580 Saec.
2435 526 2516 580 X.
2546 533 2691 581 ver*

506 631 672 695 gens
700 619 879 677 recte
905 612 1151 692 retulit,
1180 613 1404 679 codex
1428 613 1691 680 demum
1719 615 1991 681 Saeculo
2021 632 2135 682 xl.
2162 621 2478 689 exaratus
2504 616 2694 683 vide*

506 720 637 779 tur.
681 728 686 735 ·
722 712 819 779 At
846 715 1211 800 Eugraphii
1242 722 1511 783 aetatem
1543 738 1587 783 a
1617 718 1934 783 Fabricio
1962 725 2140 784 recte
2170 719 2508 784 definitam
2536 738 2692 785 esse

505 816 720 883 adhuc
748 817 1035 883 dubitari
1058 825 1302 903 potest.
1393 818 1703 906 Conjecit
1735 821 1920 886 illam
1947 840 2035 886 ex
2064 822 2492 906 sequentibus
2522 822 2695 887 Ger-

504 919 702 998 herti,
747 922 1087 1005 quondam
1137 921 1554 1002 scholastici,
1598 922 1867 989 tandem
1895 927 2021 990 sub
2048 925 2316 988 nomine
2353 922 2693 1008 sylvestri

503 1022 593 1087 ad
623 1023 1009 1106 dignitatem
1035 1028 1274 1091 summi
1303 1025 1761 1092 Romanorum
1791 1027 2129 1110 pontificis
2174 1028 2416 1104 evecti,
2462 1026 2689 1092 verbis

499 1142 661 1206 quae
717 1126 1022 1209 leguntur
1078 1128 1148 1192 in
1204 1128 1491 1212 epistola
1554 1129 1643 1193 ad
1697 1129 2055 1195 Airardum
2106 1145 2272 1192 vul.
2323 1128 2686 1215 (Biblioth.

501 1226 812 1293 Maxima
839 1227 1117 1294 Patrum
1143 1231 1338 1296 Tem.
1368 1246 1565 1295 xvn.
1609 1230 1822 1315 Lugd.
1873 1232 2064 1297 1670.
2109 1252 2181 1315 p.
2221 1228 2411 1316 669.)
2453 1235 2475 1266 ‘
2505 1230 2690 1297 Peti-

496 1329 794 1396 tionibus
821 1332 956 1397 tuis
984 1334 1376 1415 annuimu83
1417 1339 1648 1400 nostra
1689 1342 1769 1399 ut
1795 1333 2151 1418 exequaris
2179 1335 2464 1418 negotia,
2506 1334 2692 1399 velut

496 1433 794 1517 propria,
839 1455 1203 1501 monemus.
1290 1436 1552 1507 Plinius
1594 1437 2013 1504 emendetur:
2056 1436 2485 1521 Eugraphius
2513 1435 2687 1501 reci-

495 1536 756 1620 piatur3
799 1538 915 1622 qui
947 1538 1233 1607 Orbacis
1276 1546 1345 1607 et
1372 1541 1559 1626 apud
1582 1547 1886 1607 sanctum
1918 1528 2243 1606 Basolnm
2268 1540 2688 1625 perscriban-

493 1638 637 1703 tur.'
723 1639 834 1705 Ex
879 1641 988 1706 his
1034 1643 1254 1709 verbis
1298 1644 1585 1725 elicitur,
1633 1645 2080 1728 Eugraphium
2115 1642 2447 1725 aequalem
2475 1641 2687 1707 fuisse

491 1738 821 1821 Gerberti,
863 1746 979 1829 qui
1004 1745 1183 1812 vixit
1206 1747 1330 1812 sub
1361 1746 1622 1813 Othone
1651 1762 1765 1812 111.
1794 1745 1969 1831 Imp.
2001 1751 2286 1812 exeunte
2314 1745 2571 1811 saeculo
2603 1760 2685 1809 x,

492 1850 567 1908 et
593 1863 770 1911 anno
796 1847 988 1912 1003.
1025 1854 1328 1914 mortuus
1373 1853 1498 1914 est.
1587 1847 1685 1914 At
1728 1849 2141 1933 perobscura
2186 1852 2364 1926 sunt,
2415 1853 2509 1926 et,
2550 1846 2685 1912 nisi

490 1946 631 2012 alia
657 1956 967 2031 prostant
992 1959 1384 2034 argumenta
1404 1953 1491 2017 ad
1521 1952 1969 2017 definiendum
1995 1958 2292 2036 teman,
2322 1971 2460 2036 quo
2479 1949 2684 2029 vixit,

487 2050 640 2114 sola
667 2070 798 2116 non
827 2052 1182 2118 sufficiunt.
1267 2053 1317 2119 J
1318 2061 1651 2136 unguntur
1694 2054 1952 2118 Plinius
1994 2059 2061 2118 et
2111 2052 2550 2137 Eugraphius,
2592 2058 2682 2130 et,

487 2171 645 2219 cum
671 2153 857 2219 illum
885 2154 1086 2237 longe
1114 2159 1265 2220 ante
1292 2155 1688 2221 Gerbertum
1725 2156 1981 2220 vixisse
2025 2156 2196 2221 inter
2242 2173 2474 2219 omnes
2518 2171 2683 2219 con-

484 2259 640 2332 stet,
662 2275 866 2339 quare
889 2255 1248 2340 Eugraphii
1270 2262 1572 2341 tempora
1594 2257 1680 2321 ad
1707 2262 1973 2323 aetatem
1995 2256 2304 2322 Gerberti
2330 2256 2682 2324 limitanda

484 2363 641 2423 sunt
659 2359 690 2422 'l
736 2357 872 2423 Pro
920 2357 1281 2443 recipiatur,
1323 2360 1517 2445 quod.
1550 2360 1828 2424 relatum
1872 2359 1959 2425 ad
1989 2360 2455 2425 antecedentia
2480 2360 2682 2443 plane

480 2459 908 2543 ἀπροσδιόνυσον
952 2468 1076 2542 est,
1119 2462 1471 2547 legendum
1515 2481 1670 2527 esse
1719 2461 1994 2526 videtur
2047 2460 2441 2535 mcv-ibatur,
2491 2462 2678 2545 quod

481 2567 719 2630 auctor
745 2584 898 2649 pro,
924 2564 1319 2644 describere,
1345 2566 1605 2650 posuit.
1695 2564 1876 2630 Nam
1899 2564 1985 2628 de
2014 2563 2222 2640 libris,
2242 2583 2374 2627 non
2403 2563 2488 2629 de
2514 2563 2681 2629 viris

478 2680 859 2729 sermonem
887 2684 1068 2743 esse,
1114 2666 1367 2732 mentio
1395 2665 1605 2731 Plinii
1632 2665 2001 2733 clarissime
2028 2664 2337 2730 ostendit.
2426 2664 2677 2749 Neque

477 2764 616 2831 alio
649 2787 854 2833 sensu
892 2767 1070 2833 idem
1117 2770 1521 2835 vocabulum
1566 2773 1589 2804 ‘
1605 2769 1966 2833 rescribere
1984 2766 2004 2794 '
2043 2766 2340 2852 epistola
2393 2782 2561 2831 vm.
2606 2787 2680 2852 p.

475 2868 630 2934 670.
674 2870 955 2936 sumsit:
999 2875 1022 2906 ‘
1044 2871 1425 2936 Historiam
1463 2871 1634 2937 Julii
1680 2870 1979 2937 Gaesaris
2023 2890 2070 2935 a
2114 2869 2410 2935 Domino
2436 2867 2677 2935 Azonc

475 2970 746 3037 Abbate
762 2973 1182 3038 Terdonensi
1201 2975 1291 3039 ad
1305 2973 1796 3040 rescribendum
1817 2974 2010 3039 nobis
2029 2971 2374 3056 acquirite,
2398 2979 2476 3038 ut
2494 2990 2676 3055 quos

475 3092 691 3158 penes
736 3094 863 3138 nos
906 3074 1230 3140 habemns
1273 3075 1610 3152 habeatiS,
1657 3083 1731 3141 et
1754 3074 1940 3159 quod
1966 3074 2332 3158 reperimus
2363 3075 2675 3157 speretis,

473 3178 525 3241 i.
551 3196 613 3240 e.
657 3182 813 3240 octo
844 3176 1182 3241 volumina
1207 3171 1471 3241 Boetii?
1554 3176 1782 3241 Etiam
1826 3181 2162 3258 postrema
2190 3175 2397 3240 verba
2422 3174 2676 3258 episto-

469 3276 559 3343 1ae
588 3278 837 3361 prioris
861 3278 949 3343 de
980 3277 1168 3342 libris
1200 3284 1425 3360 agunt.
1508 3277 1559 3343 J
1558 3279 1722 3343 ubet
1772 3277 1953 3340 enim
1997 3275 2369 3343 Gerbertus
2417 3275 2676 3341 catalo-

470 3398 630 3461 gum
656 3379 898 3445 confici
931 3379 1096 3465 (hoc
1124 3381 1303 3446 enim
1334 3380 1469 3445 sibi
1496 3381 1638 3446 vult
1677 3384 1701 3417 ‘
1720 3378 2052 3463 perscribi
2068 3374 2123 3462 ³)
2161 3378 2504 3456 librorum,
2551 3379 2673 3463 qui

472 3480 765 3547 Orbacis
791 3486 861 3546 et
887 3482 1067 3566 apud
1096 3486 1401 3547 sanctum
1428 3481 1752 3546 Basolum
1788 3479 2088 3565 (nomina
2113 3480 2674 3547 monasteriorum

465 3582 583 3650 vel
610 3583 903 3649 aliorum
927 3584 1235 3650 locorum
1278 3603 1429 3648 esse
1475 3579 1818 3666 videntur)
1863 3581 2296 3665 reperiuntur.
2383 3581 2462 3646 Si
2509 3581 2672 3669 quis

467 3686 811 3752 literarum
847 3687 1083 3751 harum
1120 3691 1385 3752 amator
1409 3693 1482 3751 et
1497 3685 1722 3770 judex
1749 3685 1823 3748 in
1850 3684 2192 3749 volumina
2219 3683 2446 3768 priora
2472 3683 2669 3749 chm-

466 3790 605 3855 nici
639 3790 727 3856 ab
774 3788 1077 3854 Henrico
1122 3789 1207 3855 de
1254 3788 1640 3854 Hervordia
1687 3785 2046 3868 conscripti
2082 3785 2425 3863 incideret,
2468 3785 2668 3871 cujus

467 3892 696 3975 operis
727 3892 1107 3974 posteriora
1133 3891 1544 3957 Helmstadii
1565 3888 1854 3965 versavi,
1873 3886 2156 3952 fortasse
2172 3886 2258 3950 de
2279 3886 2665 3972 Eugraphio

470 3991 783 4059 notitiam
808 3992 1187 4057 ulteriorem
1216 3993 1559 4076 reperiret.
1645 3989 1842 4057 Solet
1890 3987 2066 4054 enim
2109 3988 2668 4070 diligentissimus

468 4092 1014 4178 chronographus
1042 4099 1359 4159 auctores
1384 4090 1565 4157 haud
1592 4109 1851 4174 pancos
1876 4108 1917 4152 e
1937 4087 2414 4153 florentissima
2437 4088 2667 4154 litera-

455 4215 603 4263 rum
642 4195 1097 4263 Romanarum
1142 4199 1343 4265 aetate
1384 4192 1776 4262 nominatim
1821 4188 2176 4266 adducere,
2217 4189 2376 4255 loca
2421 4207 2664 4256 excer-
