3050 4942
1224 361 1637 410 suanno.
2438 348 2528 413 23

333 529 520 573 maun
552 503 830 571 Bersttclz
851 527 904 570 e.
932 503 1200 591 δμωαὶ
1228 503 1341 569 der
1371 502 1788 591 Diplomatik,
1810 503 1901 570 Τ.
1924 524 2010 572 11.
2036 528 2104 592 p.
2133 505 2278 593 84)
2300 513 2532 575 noster

335 612 563 677 codex
593 629 800 675 aeram
848 609 1039 674 illam
1075 609 1431 675 antecedit.
1519 609 1744 673 Litm
1786 629 1822 672 e
1861 608 1933 674 in
1980 612 2304 695 superiori
2344 616 2532 695 parte

331 715 593 799 apicem
613 713 839 790 habet,
856 711 1185 798 (linguam
1206 717 1408 778 vocat
1426 709 1922 805 Schoeuemann
1938 716 1988 795 ς)
2001 709 2068 798 s
2081 721 2152 778 et
2166 712 2533 799 flung-ius-

336 818 510 884 culae
559 822 739 894 sunt,
784 816 1188 899 ubicumque
1218 821 1605 894 occurrunt„
1622 816 1691 880 et
1713 814 1884 881 infra
1901 816 2173 897 lineam,
2194 817 2309 882 cui
2333 818 2535 882 insis-

337 927 514 998 tunt,
540 924 922 1003 protensae,
903 938 921 955 ·
952 939 988 981 r
1007 918 1367 998 interdum,
1389 918 1696 1003 inprimis
1712 918 2036 986 inultima
2053 919 2533 1004 lineapaginae,

333 1031 455 1088 est
465 1027 811 1106 protensa.
900 1020 1268 1087 Rarissime
1310 1022 1646 1103 digamma
1686 1021 2023 1086 AEolicnm
2064 1021 2220 1086 loco
2250 1021 2464 1087 literae
2491 1020 2535 1085 Ιι
2643 1078 2646 1081 .

335 1144 628 1210 superne
683 1125 795 1189 vel
852 1132 1012 1190 ante
1052 1131 1435 1219 sequentem
1490 1125 1750 1191 literam
1802 1125 2165 1209 ascriptum
2227 1131 2535 1208 apparet,

334 1248 392 1292 e.
424 1249 517 1311 gr.
564 1226 877 1292 ‘ilatum’
927 1246 1054 1346 pro
1098 1215 1441 1292 ‘hilarum
1444 1226 1463 1253 ’
1551 1228 1634 1293 ln
1663 1227 1957 1312 Prologo
1990 1227 2286 1312 Hecyrae
2318 1244 2400 1291 11.
2426 1227 2535 1293 22.

336 1330 578 1396 offendi
623 1331 887 1396 literam
943 1332 983 1394 lc
1033 1331 1106 1395 in
1136 1351 1305 1397 voce
1362 1330 1808 1410 ‘calamitas,’
1864 1337 1934 1396 at
1979 1349 2312 1414 nusquam
2354 1329 2539 1394 alibi.

340 1433 985 1518 Frequentissimum
1035 1435 1290 1518 siguum
1335 1434 1890 1518 interpunctionis
1931 1437 2035 1497 est
2061 1436 2385 1515 punctum
2406 1518 2410 1524 Ι
2428 1429 2539 1516 (.).

338 1534 654 1602 Occurrit
681 1538 876 1602 etiam
908 1538 1281 1603 semicolon
1307 1535 1396 1624 (3)
1435 1537 1554 1603 sed
1583 1537 1997 1621 plerumque,
2029 1535 2101 1599 ni
2128 1534 2350 1613 fallor,
2378 1533 2537 1598 line-

334 1639 447 1703 ola
471 1660 680 1704 curva
708 1638 792 1725 (‚)
821 1661 864 1705 a
885 1638 1235 1706 recentiori
1261 1661 1462 1707 manu
1485 1641 1722 1706 addita
1750 1647 1879 1705 est.
1967 1637 2247 1721 Signum
2265 1636 2539 1701 interro·

338 1741 542 1822 gandi
569 1762 703 1806 non
731 1763 995 1827 semper
1019 1744 1302 1813 eandem
1326 1744 1603 1826 figuram
1633 1743 1941 1823 exhibet;
1975 1739 2195 1818 cred0,
2224 1738 2386 1823 quia
2408 1756 2540 1802 non

334 1842 592 1926 ubique
638 1844 875 1909 eadem
932 1865 1169 1911 manus
1225 1848 1571 1930 apposuit.
1655 1845 1927 1927 Signum
1986 1839 2411 1907 exclamandi
2455 1836 2543 1926 (!)
2649 1826 2670 1845 ⁶

335 1945 465 2010 hac
493 1945 788 2032 figurae
788 1967 977 2025 ,non
1005 1948 1090 2013 ad
1115 1947 1311 2012 finem
1343 1949 1559 2026 vocis,
1589 1948 1710 2013 sed
1742 1966 1947 2031 super
1972 1945 2194 2011 media
2219 1962 2408 2022 voce,
2453 1942 2543 2008 ad

338 2067 544 2131 quam
578 2051 890 2132 pertinet,
926 2050 1034 2115 hic
1080 2051 1222 2116 illic
1250 2053 1541 2136 positum
1585 2060 1716 2131 est,
1746 2071 1810 2116 e.
1840 2069 1935 2134 gr.
1972 2050 2221 2115 Heaut.
2253 2064 2352 2111 lv.
2382 2047 2541 2111 1.7.

340 2165 550 2253 ‘quid
583 2146 1096 2234 siet31v.8.21.
1126 2150 1428 2250 ‘Aegre’
1511 2168 1657 2234 Vix
1688 2168 1892 2234 credo
1917 2166 2090 2232 hauc
2135 2146 2415 2250 figuram
2465 2164 2538 2228 in

340 2266 556 2343 libris,
604 2269 721 2352 qui
770 2270 853 2333 de
899 2290 969 2335 re
1007 2270 1449 2354 diplomatica
1492 2278 1717 2354 agunt,
1748 2275 2134 2336 annotatam
2160 2288 2331 2335 esse.
2408 2265 2544 2335 Co·

341 2370 455 2434 lon
482 2367 575 2457 (.)
604 2379 672 2435 et
698 2392 958 2438 comma
982 2373 1071 2459 (‚)
1098 2393 1428 2457 nusquam
1457 2380 1858 2459 comparent.

346 2490 353 2495 ·
431 2474 722 2560 Sequior
749 2496 991 2540 manus
1009 2476 1078 2541 in
1110 2477 1325 2560 prima
1351 2477 1611 2543 codicis
1639 2479 1888 2561 pagina
1904 2494 2159 2553 omnes,
2182 2476 2252 2539 in
2268 2491 2546 2557 sequeu-

344 2577 530 2640 tibus
555 2597 763 2663 quam
789 2579 1111 2662 plurimas
1132 2581 1362 2644 literas
1379 2586 1750 2645 atramento
1773 2578 2045 2663 nigriori
2063 2575 2547 2661 superinduxit,

345 2683 417 2743 et
474 2681 743 2744 nomina
795 2680 1236 2764 loquentium,
1296 2699 1452 2765 quae
1514 2681 1799 2765 primum
1859 2686 2231 2746 atramento
2288 2679 2549 2761 scripta

346 2787 560 2859 erant,
590 2783 802 2846 minio
835 2783 1086 2863 illevit3
1114 2789 1360 2866 postea
1389 2790 1614 2847 tamen
1642 2782 1796 2865 ipse
1825 2781 2050 2846 scriba
2084 2781 2156 2844 in
2185 2778 2546 2844 exarandis

341 2884 730 2959 nominibus
758 2887 957 2949 rubro
1010 2886 1231 2950 colore
1278 2904 1445 2949 usus
1490 2891 1616 2949 est.
1701 2883 1839 2949 Per
1874 2889 2088 2948 totum
2117 2881 2420 2948 codicem
2446 2900 2548 2945 re-

344 2988 604 3051 centior
632 3006 870 3052 manus
900 2987 1177 3052 multum
1208 2989 1574 3066 innovavit,
1605 2987 1939 3051 lectiones
1963 2985 2226 3064 delevit,
2248 2984 2421 3049 alias
2450 2985 2550 3048 in-

344 3088 674 3167 troduxit,
699 3110 920 3174 neque
950 3110 994 3155 a
1023 3091 1363 3156 mutandis
1389 3090 2038 3175 interpunctionibus
2067 3088 2408 3153 abstinuit.

438 3190 616 3271 Quae
645 3193 963 3259 hactenus
1014 3195 1099 3259 de
1143 3194 1359 3260 forma
1394 3195 1736 3260 literarum
1773 3195 2117 3278 totiusque
2144 3191 2401 3257 codicis
2430 3210 2550 3255 ex-

347 3301 538 3358 terna
567 3295 656 3358 ad
685 3295 1181 3380 dijudicandam
1210 3294 1357 3381 ejus
1386 3297 1847 3381 antiquitatem
1878 3294 2242 3381 disputavi,
2280 3313 2370 3358 ex
2401 3313 2549 3378 spe-

351 3398 599 3462 cimine
640 3397 1044 3464 characteris
1076 3402 1143 3464 in
1172 3419 1270 3466 aes
1310 3400 1536 3465 inciso
1559 3400 1629 3464 in
1663 3399 1960 3465 secundo
1987 3398 2191 3483 hujus
2227 3396 2549 3463 editionis

351 3507 565 3576 tomo,
594 3502 985 3585 propediem
1026 3502 1403 3585 prodituro,
1443 3503 1726 3569 clariora
1752 3502 1911 3567 fient
1939 3509 2012 3567 et
2039 3501 2321 3566 certiora
2341 3500 2551 3564 lecto-

349 3602 543 3666 ribus
574 3604 740 3668 artis
768 3604 1221 3687 diplomaticae
1243 3606 1483 3688 guaris.

439 3705 662 3769 Totus
693 3704 910 3770 codex
929 3707 1220 3789 repletus
1243 3710 1345 3770 est
1366 3706 1646 3771 scholiis
1676 3705 1821 3771 sive
1852 3706 2115 3789 glossiS,
2148 3719 2306 3786 quae
2341 3700 2550 3784 scrip-

353 3812 443 3870 tae
475 3814 638 3870 sunt
685 3807 891 3872 literis
927 3807 1245 3884 exilibuS,
1294 3808 1490 3890 longe
1541 3808 1905 3871 maximam
1956 3808 2239 3889 partem,
2267 3800 2400 3865 nisi
2440 3821 2549 3866 me

353 3909 586 3973 omnia
614 3908 876 3989 fallunt,
922 3908 1057 3974 ab
1036 3928 1192 3994 ipso
1233 3907 1498 3974 codicis
1537 3907 1780 3973 scriba.
1869 3904 2060 3970 Idem
2089 3907 2195 3969 est
2220 3908 2552 3969 atramen-

356 4020 522 4091 tum,
582 4013 816 4077 eadem
874 4011 1367 4097 orthographia,
1427 4010 1664 4076 eadem
1721 4009 2295 4076 abbreviationum
2354 4008 2552 4087 ratio,

361 4115 538 4181 idem
588 4115 926 4180 literarum
973 4116 1234 4185 ductus.
1323 4116 1508 4195 Quin
1549 4114 1931 4180 membrana
1978 4113 2139 4196 ipsa
2193 4111 2420 4176 statim
2465 4111 2553 4176 ab

362 4220 554 4284 initio
587 4219 675 4284 ad
705 4220 1098 4305 capiendum
1117 4230 1314 4287 notas
1343 4220 1685 4286 destinata
1709 4225 1874 4284 erat.
1964 4217 2195 4282 Nam
2174 4236 2241 4281 m
2268 4214 2555 4281 adverso
