3050 4942
567 361 653 426 50
1238 379 1509 428 vrcToa
1562 374 1657 428 DE
1706 381 2086 431 coMOEmA.

569 527 647 587 ob
675 525 977 587 avaritiam
1009 524 1231 584 luteum
1262 524 1456 584 datur.
1541 523 1814 606 Syl-mata
1851 524 2010 585 dicta
2039 534 2182 584 sunt
2207 525 2402 599 ab-eo,
2443 524 2603 604 quod
2634 534 2756 586 tra-

566 626 818 686 huntur:
861 644 998 704 quae
1025 642 1117 684 res
1147 624 1222 682 ab
1251 625 1485 682 scenica
1522 623 1753 682 luxuria
1797 622 2065 683 instituta
2089 633 2201 683 est.
2286 623 2508 685 Eadem
2538 624 2595 682 in
2626 624 2756 684 luc·

565 723 752 784 tuosis
780 720 1045 803 personis
1075 720 1359 781 incuriam
1388 721 1479 781 sui
1510 742 1612 801 per
1654 722 2074 802 negligentiam
2104 721 2458 800 significant.
2541 722 2755 782 Auleea

564 839 799 902 quoque
827 821 886 878 in
918 837 1097 878 scena
1122 818 1343 878 intexta
1368 828 1750 884 sternuntur:
1796 816 1959 896 quod
2007 818 2198 897 pictus
2228 833 2472 877 ornatus
2502 833 2646 892 erat,
2676 838 2753 878 ex

561 917 884 979 Attalica⁸⁹
930 917 1091 996 regia
1119 917 1369 976 Romam
1396 935 1587 995 usque
1635 915 1898 996 perlatus
1924 935 1939 975 ε
1982 934 2089 996 pro
2119 916 2332 997 quibus
2362 916 2576 996 siparia
2603 925 2753 976 aetas

558 1015 845 1096 posterior
898 1013 1148 1094 accepit.
1254 1014 1363 1073 Est
1411 1023 1603 1073 autem
1653 1012 1948 1078 mimicum
1994 1009 2267 1086 velum,²⁰
2318 1013 2480 1093 quod
2529 1012 2755 1093 populo

555 1112 812 1184 obsistit,
839 1110 978 1170 dum
1012 1112 1362 1172 Fabul-arum
1391 1121 1561 1171 actus
1590 1121 2043 1172 commutantur.
2130 1111 2411 1172 Diverbia
2435 1111 2753 1172 histriones

556 1209 1040 1291 pronuntiabant.
1125 1210 1376 1270 Cantica
1404 1230 1542 1270 vero
1570 1210 2051 1289 temperabantur
2098 1207 2289 1268 modis
2324 1228 2445 1268 non
2490 1227 2527 1268 a
2550 1210 2753 1287 po'eta,

557 1305 664 1368 sed
696 1306 947 1386 aperito
978 1306 1120 1367 artis
1149 1306 1391 1367 musicae
1419 1307 1614 1368 sactiS.
1678 1307 1889 1387 Neque
1918 1307 2075 1366 enim
2104 1307 2300 1368 omnia
2323 1306 2528 1366 iisdem
2558 1305 2755 1365 modis

554 1405 616 1464 in
643 1423 766 1464 uno
787 1404 1021 1465 cantico
1051 1404 1398 1485 agebantur,
1445 1404 1553 1464 sed
1604 1424 1766 1485 saepe
1793 1404 2059 1466 mutatis.
2144 1403 2227 1465 Ut
2275 1403 2612 1483 significant
2649 1404 2756 1482 qui

552 1512 670 1562 tres
701 1519 975 1561 numeros
1003 1502 1062 1560 in
1091 1502 1390 1563 comoediis
1421 1514 1672 1582 ponunt,
1721 1505 1822 1582 qui
1861 1519 1982 1563 tres
2010 1502 2314 1563 continent
2337 1511 2597 1561 mutatos
2624 1520 2754 1560 nio-

555 1599 665 1660 dos
713 1599 927 1660 cantici
975 1598 1154 1661 illius.
1237 1599 1352 1668 Qui
1399 1599 1741 1679 hujusmodi
1788 1598 1999 1660 modos
2052 1599 2369 1670 faciebant,
2422 1616 2635 1658 nomen
2688 1599 2752 1656 in

551 1696 835 1778 principio
855 1696 1099 1757 Fabulae
1119 1707 1180 1757 et
1201 1695 1500 1776 scriptoris
1523 1706 1586 1757 et
1607 1696 1822 1758 actoris
1851 1696 2347 1776 superponebant.
2393 1693 2753 1774 Hujusmodi

551 1794 703 1854 adeo
731 1794 992 1854 carmina
1019 1793 1095 1854 ad
1125 1793 1299 1854 tibias
1328 1795 1571 1867 fiebant,
1601 1804 1668 1855 ut
1693 1793 1788 1854 his
1819 1791 2036 1854 auditis
2063 1791 2230 1853 multi
2258 1810 2333 1852 ex
2360 1790 2582 1872 populo
2611 1800 2753 1852 ante

552 1889 867 1962 discerent,
920 1910 1098 1970 quam
1151 1890 1440 1951 Fabulam
1491 1892 1680 1952 acturi
1736 1891 1952 1953 scenici
2003 1900 2226 1962 essent,
2282 1908 2462 1971 quam
2507 1889 2755 1949 omnino

552 1988 982 2078 spectatoribus
1008 1988 1151 2066 ipsis
1195 1989 1555 2049 antecedens
1586 1988 1791 2050 titulus
1823 1986 2319 2070 pronuntiaretur.
2405 1986 2755 2066 Agebantur.

549 2093 745 2143 autem
771 2083 928 2144 tibiis
956 2083 1197 2162 paribus
1225 2093 1328 2144 aut
1355 2084 1700 2165 imparibus,
1728 2094 1791 2144 et
1819 2085 2039 2145 dextris
2063 2093 2163 2144 aut
2185 2082 2456 2143 sinistris.
2501 2082 2753 2143 Dextrae

549 2189 744 2242 autem
773 2191 834 2242 et
862 2179 1066 2259 Lydiae
1093 2199 1202 2241 sua
1228 2182 1512 2260 gravitate
1543 2181 1756 2242 seriam
1785 2182 2111 2244 Comoediae
2140 2181 2454 2246 dictionem
2485 2199 2755 2260 pronun-

548 2276 796 2337 tiabant.
879 2277 1146 2338 Sinistrae
1167 2287 1228 2338 et
1252 2278 1523 2338 Serranae
1546 2278 1833 2339 acuminis
1859 2278 2097 2340 levitate
2116 2277 2319 2359 jocum
2348 2279 2407 2337 in
2437 2277 2755 2338 Comoedia

547 2374 961 2445 ostendebant.
1046 2375 1160 2434 Ubi
1201 2385 1395 2436 autem
1433 2375 1642 2436 dextra
1667 2385 1729 2437 et
1758 2377 1993 2437 sinistra
2020 2386 2154 2436 acta
2184 2346 2413 2436 Fabuss
2454 2373 2752 2436 inscribe-

546 2474 738 2546 batur,
778 2470 996 2533 mistim
1035 2471 1158 2555 joci
1196 2483 1256 2534 et
1289 2474 1607 2554 gravitates
1636 2466 2159 2536 denuntiabantur.

1351 2681 1938 2717 Ἦ

1046 2900 1130 3003 L.
1185 2899 1753 2966 VICTORIS
1813 2900 2228 2970 FAUSTI

1380 3038 1483 3087 DE
1527 3036 1892 3089 COMOEDIA

1475 3171 1824 3214 LIBELLUS.

707 3293 830 3354 Sim
856 3295 1049 3356 brevis
1078 3317 1267 3377 usque
1296 3296 1435 3358 licet
1460 3311 1725 3360 veterum
1753 3298 1828 3359 de
1856 3318 2017 3360 more
2043 3299 2298 3374 libellus,

779 3391 1003 3470 Meque
1035 3413 1204 3452 suum
1233 3394 1549 3476 quisquam
1578 3406 1839 3476 nequeat
1870 3415 2133 3457 asserere
2158 3416 2175 3454 ε

704 3486 831 3546 Nec
862 3487 1041 3549 triviis
1072 3490 1314 3569 vulgata
1341 3491 1547 3565 seram,
1576 3481 1936 3574 decerptave'
1958 3493 2200 3574 passim,

730 3574 736 3580 ’
782 3583 911 3645 Nec
941 3586 1186 3666 proinde
1214 3587 1373 3648 elata
1401 3588 1593 3650 fronte
1624 3592 1911 3671 superbus
1944 3608 2074 3649 eam
2100 3609 2115 3648 ε

607 3765 671 3812 19
703 3762 787 3812 Ex
817 3762 1036 3814 Attalica
1065 3764 1225 3830 regia]
1260 3766 1350 3815 Sil.
1381 3765 1601 3818 Italicus
1678 3771 1729 3819 4.
1784 3767 1945 3817 ‘Cum
1984 3766 2098 3830 ejus
2140 3772 2413 3817 accusator
2457 3767 2513 3816 in
2559 3768 2752 3833 sipario

541 3836 625 3884 lib.
653 3851 761 3888 xiv·
792 3840 808 3868 ‘
831 3840 1071 3904 Quoeque
1115 3841 1360 3893 Attalicis
1401 3844 1601 3894 variata
1680 3842 1913 3893 omnibus
1936 3842 2081 3901 locis,
2102 3849 2190 3891 aut
2205 3842 2397 3909 nudum
2415 3843 2606 3892 eumin
2629 3858 2751 3894 ner-

545 3928 637 3976 per
684 3921 848 3964 artem
893 3916 1090 3969 Aulaeis
1130 3919 1427 3970 scribuntur
1471 3922 1600 3972 acu?
1680 3935 1763 3982 vo,
1796 3928 1887 3969 aut
1909 3921 1975 3968 ab
2000 3919 2180 3969 amicis
2203 3919 2496 3969 redemtum
2527 3935 2594 3970 ex
2633 3923 2751 3971 alea

545 3992 617 4036 fif.
927 4027 931 4033 .
1680 3995 1968 4062 pinxisset!
2052 3997 2187 4047 Hoec
2234 3996 2414 4046 eadem
2458 4012 2557 4047 vox
2603 4001 2754 4048 resti-

609 4068 669 4112 2¹]
701 4066 950 4118 Mimicum
982 4071 1159 4135 velum]
1193 4071 1325 4121 Hoec
1365 4085 1487 4121 vera
1515 4078 1598 4123 est
1677 4072 1869 4122 tuenda
1904 4080 1986 4125 est
2015 4073 2197 4123 Servio
2236 4073 2287 4123 in
2329 4073 2525 4140 Georg.
2557 4075 2748 4140 Vir-gil.

545 4144 713 4191 lectio.
777 4140 933 4206 Apul.
987 4146 1001 4170 ‘
1023 4146 1281 4208 siparium
1335 4146 1594 4196 mimicum
1673 4148 1797 4198 Vid.
1828 4149 2048 4200 Fest.et
2082 4150 2326 4201 Juvenal.
2364 4152 2637 4204 Scholiast.
2678 4155 2743 4205 ad

541 4216 833 4269 dimoveto?
897 4220 1204 4272 Quintilian.
1243 4222 1335 4272 lib.
1365 4235 1442 4273 vr.
1474 4237 1593 4287 cap.
1674 4224 1845 4290 satyr.
1868 4239 1996 4280 vm.
2021 4233 2077 4279 et
2097 4226 2203 4278 alil.
2244 4227 2323 4280 la.
