3050 4942
505 397 593 464 54
1182 409 1458 460 vroron
1507 409 1606 458 nn
1652 408 2038 505 commorit.

509 559 786 621 Celebres
815 557 970 618 enim
998 564 1168 617 erant
1189 565 1249 616 et
1275 553 1597 615 Phoenicius
1625 553 1807 613 literae
1837 551 2101 612 nondum
2124 549 2352 611 Graecis
2397 547 2701 611 sexdecim

508 677 548 718 a
574 655 893 716 Palamede
922 653 1164 735 Nauplii
1189 653 1309 714 filio
1336 652 1757 732 configuratis:
1802 671 1872 712 ac
1917 650 2149 731 plurimi
2193 648 2391 709 studia
2435 647 2702 728 poetices

508 755 913 814 habebantur:
960 752 1320 833 proindeque
1367 752 1664 829 sapientes
1710 750 1793 809 illi
1839 747 2093 809 numeris
2143 748 2339 806 omnia
2382 764 2707 824 compone-

509 853 688 911 bant:
733 871 867 930 quae
915 870 1037 910 una
1079 870 1214 910 cum
1260 848 1466 909 ceteris
1510 847 1673 926 apud
1717 855 1842 905 tum
1873 844 2178 926 AEgyptios
2224 842 2490 903 floruisse
2528 857 2706 901 nemo

507 949 660 1008 bene
691 948 903 1009 doetus
934 946 1234 1007 dubitarit.
1301 945 1438 1005 Non
1468 943 1783 1003 defuerunt
1804 942 1999 1016 etiam,
2031 943 2130 1021 qui
2158 939 2512 1001 Fabularum
2540 936 2710 996 initia

510 1042 726 1105 Siculis
769 1044 1197 1124 adjudicarent,
1246 1041 1740 1121 quemadmodum
1793 1039 2139 1100 Aristoteles
2185 1039 2244 1097 in
2295 1035 2552 1096 Po'eticis
2600 1034 2707 1105 ait,

513 1142 788 1223 quoniam
823 1141 1210 1221 Epicharmus
1243 1139 1621 1199 Comicorum
1656 1138 2093 1216 antiquissimus
2139 1137 2316 1216 po'eta
2360 1129 2520 1194 illinc
2547 1141 2712 1192 esset

513 1239 818 1300 oriundus.
903 1238 1309 1319 Syracusanus
1337 1236 1492 1296 enim
1520 1255 1718 1296 revera
1758 1235 1887 1308 fuit,
1934 1235 2319 1315 duplicesque
2359 1231 2711 1292 Graecorum

511 1336 710 1396 literas
759 1338 800 1399 ἒ.
841 1342 872 1407 ξ
907 1362 952 1416 χ
991 1334 1212 1416 primus
1258 1333 1516 1393 omnium
1561 1333 1937 1413 excogitavit,
1985 1334 2139 1393 sicut
2167 1332 2226 1391 in
2251 1330 2480 1390 Iliados
2508 1327 2713 1409 Alpha

518 1432 952 1492 Grammaticus
982 1433 1245 1491 Joannes
1275 1430 1474 1490 solerti
1500 1430 1587 1490 vir
1616 1431 1855 1510 ingenio
1874 1450 2104 1489 mecum
2127 1427 2336 1489 sentitt
2364 1424 2466 1485 ubi
2492 1425 2713 1503 longas

516 1555 552 1600 η
579 1542 641 1590 et
667 1556 709 1588 ω
737 1549 841 1608 per
869 1529 1232 1589 Simonidem
1275 1531 1511 1608 po'etam
1564 1529 1625 1587 in
1671 1528 1868 1588 insula
1914 1527 2065 1586 Chio
2112 1535 2315 1585 natum
2345 1522 2547 1583 scribit
2574 1540 2714 1582 esse

516 1625 832 1697 formatas,
862 1627 1364 1706 aspiratarumque
1404 1625 1775 1686 'characteres
1817 1629 1851 1683 θ
1895 1636 1933 1704 φ
1976 1649 2021 1704 χ
2065 1622 2294 1681 Cadmo
2339 1620 2438 1680 illo
2471 1619 2714 1679 Milesio

519 1732 768 1783 testatur
795 1724 1022 1784 effictos
1048 1744 1063 1782 ε
1110 1723 1247 1784 licet
1281 1722 1411 1783 haec
1442 1723 1671 1782 Plinius
1700 1719 2188 1802 quinquagesimo
2217 1729 2385 1778 sexto
2410 1716 2544 1776 libri
2574 1735 2715 1796 sep-

517 1819 640 1880 timi
687 1822 878 1900 capite
926 1821 1102 1901 longe
1150 1821 1317 1880 aliter
1368 1820 1604 1881 tradat:
1646 1820 1758 1878 nisi
1806 1820 1880 1878 sit
1926 1838 2085 1879 error
2124 1818 2182 1877 in
2232 1816 2563 1886 codicibuS,
2606 1826 2717 1873 aut

519 1917 716 1976 Graeci
746 1918 856 1997 ipsi
884 1938 1001 1978 non
1030 1919 1173 1977 satis
1205 1918 1315 1977 sibi
1345 1928 1639 1990 constent,
1683 1936 1831 1998 quos
1877 1915 1973 1975 ille
2011 1914 2380 1995 potissimum
2409 1913 2587 1973 fuerit
2617 1931 2717 1971 se-

519 2025 715 2075 cutus,
799 2014 997 2074 Satius
1045 2022 1240 2075 tame'n
1289 2015 1535 2075 arbitror
1584 2015 1714 2074 haec
1757 2015 2048 2074 elementa
2076 2011 2312 2092 singula
2340 2010 2590 2092 singulis
2623 2011 2719 2068 in-

518 2113 856 2172 ventoribus
880 2110 1200 2170 addixisse.
1257 2112 1345 2170 Ea
1372 2111 1550 2190 igitur
1570 2110 1982 2190 aegrotantium
2007 2108 2234 2169 somnia
2261 2107 2680 2188 praetermittas
2697 2128 2716 2166 ε

522 2227 705 2267 unum
733 2207 846 2267 boc
877 2208 1068 2266 sciens
1112 2208 1186 2267 ab
1228 2205 1531 2285 AEschylo‚
1576 2215 1638 2265 et
1681 2207 1782 2285 qui
1824 2225 1957 2266 eum
2003 2215 2242 2266 secutus
2285 2214 2397 2276 est,
2446 2203 2719 2276 Cratino,

525 2303 779 2364 Fabulas
823 2304 882 2361 in
930 2322 1096 2362 suam
1139 2307 1386 2362 formam
1430 2321 1565 2362 esse
1601 2302 1839 2362 tandem
1867 2303 2156 2363 redactas.
2239 2300 2542 2381 Siquidem
2573 2311 2721 2361 ante

524 2400 786 2461 devictos
815 2400 1029 2460 Persas
1059 2400 1137 2459 ad
1170 2400 1492 2472 Salamina,
1532 2399 1702 2479 cujus
1731 2400 1989 2459 victoriae
2036 2398 2343 2469 Fabulam,
2385 2418 2520 2477 quae
2547 2415 2721 2459 nunc

521 2507 705 2570 extat,
737 2492 1052 2578 AEschylus
1082 2496 1265 2569 dedit,
1296 2496 1492 2557 nullus
1521 2498 1581 2557 in
1609 2497 1681 2556 iis
1711 2495 1856 2556 ordo
1877 2507 2120 2576 poterat
2147 2496 2407 2576 reperiri.
2475 2496 2724 2555 Comae-⁴

521 2595 749 2661 diarum
789 2595 989 2673 itaque
1033 2594 1219 2674 prima
1261 2596 1485 2655 semina
1534 2594 1612 2655 ad
1662 2593 1970 2674 AEgyptios
2017 2593 2355 2664 referamus,
2399 2592 2723 2652 formulam

521 2709 719 2754 earum
749 2703 810 2752 et
837 2692 1103 2752 ordinem
1132 2692 1356 2752 Cratini
1399 2692 1755 2771 temporibus
1802 2691 2187 2751 ascribentes.
2272 2688 2423 2768 Styli
2451 2709 2588 2749 cum
2616 2708 2725 2751 ce-

519 2791 661 2850 teris
689 2789 992 2869 scripturis
1019 2789 1228 2849 eadem
1272 2810 1404 2850 esse
1451 2789 1779 2850 differentia
1819 2788 2087 2855 videtur-3
2133 2788 2377 2866 antiqua
2403 2786 2563 2845 enim
2594 2784 2724 2846 Co-

523 2885 741 2945 moedia
767 2886 962 2965 gravis
991 2895 1052 2944 et
1078 2887 1234 2945 elata
1261 2906 1495 2966 semper
1522 2886 1764 2957 incedit,
1806 2905 1876 2945 ac
1904 2903 2330 2962 nonnunquam
2358 2881 2726 2945 obsoletiora

522 2981 797 3059 quaedam
819 2982 996 3040 verba
1023 2990 1315 3041 sectatur:
1347 2993 1409 3040 at
1430 2991 1638 3042 contra
1663 2982 1952 3040 recentior
1978 2979 2353 3060 perspicuum
2383 2997 2723 3044 sermonem

525 3075 783 3147 affectat,
812 3085 1018 3154 utpote
1046 3094 1180 3155 quae
1210 3078 1377 3138 novis
1406 3097 1475 3137 ac
1504 3078 1878 3158 politioribus
1899 3087 2096 3136 utatur
2123 3076 2450 3137 atticismiS.

610 3172 876 3230 Materiae
905 3191 1061 3231 cum·
1081 3181 1201 3232 tres
1231 3191 1364 3233 esse
1392 3193 1566 3232 nemo
1594 3173 1857 3252 ambigat
1886 3173 2203 3245 sectiones,
2231 3172 2510 3250 quaedam
2540 3172 2727 3234 altius

524 3265 799 3327 videntur
837 3268 1008 3329 nobis
1053 3288 1185 3329 esse
1222 3270 1563 3352 repetenda.
1644 3270 1759 3330 Per
1785 3268 2000 3328 Atticae
2028 3270 2189 3328 urbis
2218 3268 2583 3329 incrementa
2609 3289 2726 3350 po-

523 3363 815 3422 tissimum
845 3364 1077 3442 vigente
1100 3366 1414 3445 republica,
1444 3387 1579 3426 cum
1610 3364 1835 3427 scilicet
1860 3366 2058 3427 omnia
2102 3366 2305 3444 populi
2350 3366 2593 3426 arbitrio
2624 3387 2723 3427 re-

523 3471 818 3538 gerentur,
842 3463 1056 3540 poetoe,
1080 3463 1181 3540 qui
1212 3462 1448 3522 Fabulis
1469 3482 1707 3541 operam
1732 3463 1973 3533 dabant,
1998 3465 2073 3522 ab
2103 3462 2491 3523 insectatione
2520 3463 2724 3524 aliena
2777 3449 2786 3458 ⁸

523 3555 738 3637 stylum
767 3556 1001 3616 minime
1029 3568 1298 3636 poterant
1323 3561 1651 3620 continere:
1699 3580 1803 3619 seu
1844 3560 2120 3638 quoniam
2151 3559 2330 3618 Attici
2364 3570 2579 3640 suapte
2609 3580 2725 3620 na-

510 3667 658 3721 ,tura
681 3654 1009 3715 nasutidres
1037 3675 1169 3716 esse
1195 3655 1506 3718 dicuntur:
1552 3659 1674 3717 sive
1696 3658 1893 3738 potius
1922 3658 2081 3736 quod
2112 3656 2325 3735 plebeii
2357 3678 2596 3737 semper
2626 3659 2723 3718 in·-

525 3762 666 3811 nato
694 3751 833 3811 odio
859 3752 1132 3830 patricios
1158 3763 1612 3833 prosequuntur.
1697 3753 1927 3812 Etenim
1966 3753 2314 3832 praepotenti
2355 3772 2581 3813 morem
2612 3774 2725 3834 po-

525 3848 666 3926 pulo
691 3859 983 3925 gerentes,
1029 3859 1090 3908 et
1128 3848 1358 3927 judices
1402 3859 1462 3909 et
1496 3859 1777 3927 praetores
1807 3846 2136 3907 maledictis
2166 3849 2445 3908 insectari
2477 3850 2725 3912 minime

529 3942 918 4001 dubitabant:
962 3964 1032 4002 ac
1062 3944 1243 4003 nihilo
1275 3946 1464 4004 secius
1494 3945 1772 4023 privatOS,
1818 3944 1867 4002 si
1910 3943 2041 4021 quis
2084 3944 2177 4003 vel
2218 3962 2453 4016 avaruS,
2483 3946 2580 4005 vel
2608 3947 2725 4005 im-

526 4057 709 4119 purus
739 4057 870 4096 esse
898 4039 1225 4100 videretur:
1256 4041 1619 4118 maximeque
1649 4039 1895 4099 <labatur
1923 4038 2105 4111 laudi,
2137 4040 2186 4098 si
2213 4042 2392 4117 poeta
2419 4041 2727 4122 quispiam

531 4153 564 4191 e
595 4152 772 4190 scena
815 4132 1197 4211 gravioribuS,
1236 4154 1307 4194 ac
1350 4135 1521 4215 plene
1571 4135 1853 4194 censoriis
1890 4134 2080 4194 verbis
2121 4135 2181 4197 id
2224 4155 2413 4213 genus
2444 4137 2725 4200 homines

531 4228 709 4288 veluti
745 4228 961 4306 jaculis
995 4230 1366 4292 confecisset.
1450 4232 1583 4291 Hoc
1627 4251 1881 4311 namque
1927 4230 2093 4291 multi
2140 4230 2470 4294 domestico
2497 4237 2723 4313 probro
