3050 4942
160 3792 233 3911 ,fl

1266 368 1689 419 PRAEFATIO..
2525 361 2570 424 5
2656 364 2660 369 ·

370 535 552 581 mum
572 520 731 599 post
757 515 907 600 ejus
935 514 1078 580 fata
1107 515 1195 578 in.
1221 514 1516 580 solidum
1559 514 1720 581 mihi
1753 514 2077 580 tributus:
2124 516 2239 582 ille
2271 537 2569 585 commu-

369 619 639 682 nicatus
668 638 926 683 mecum
957 638 1000 682 a
1031 618 1212 682 Nob.
1242 617 1440 696 Vim,
1461 616 1508 682 J
1512 637 1576 682 o.
1604 617 1713 681 De
1736 616 1906 694 Wit,
1940 616 2363 703 Amplissimi
2390 619 2564 700 Viri,

366 719 499 787 Jo.
537 722 645 786 De
692 721 863 798 Wit,
912 722 1063 785 urbi
1111 720 1569 786 Dordracenae
1620 739 1836 804 nuper
1892 739 1935 785 a
1976 720 2297 801 Secretis,
2359 722 2564 800 Filio,

368 821 791 889 Summorum
839 823 1174 908 quondam
1207 822 1392 911 apud
1420 822 1728 889 Batavos
1763 821 2094 901 Virorum,
2120 824 2168 888 J
2172 845 2236 891 0.
2268 831 2337 890 et
2365 825 2563 892 Corn.

367 925 476 989 De
502 924 654 990 Wit
683 926 991 1011 Nepote:
1018 927 1128 991 hic
1150 947 1189 991 e
1210 926 1636 992 Bibliotheca
1654 927 1920 1008 insigni,
1941 926 2093 993 Viri
2117 928 2566 1013 Nobilissimi,

365 1026 700 1092 Theodori
741 1029 1318 1107 Boendermakeri,
1355 1027 1682 1093 Canonici
1710 1029 1781 1093 S.
1811 1028 2087 1095 Martini
2114 1033 2293 1116 apud
2343 1034 2568 1101 Ultra-

355 1127 671 1211 jectinoS,
700 1131 1023 1196 coemtus.
1114 1131 1223 1194 De
1257 1130 1411 1194 aliis
1456 1130 1681 1194 Libris
1725 1151 1921 1195 manu
1962 1136 2284 1213 exaratis,
2320 1137 2566 1219 quibus

366 1229 646 1296 Gabriel
683 1232 1010 1311 Faernus,
1057 1233 1414 1318 Philippus
1453 1232 1737 1311 PareuS,
1784 1233 2189 1302 Franciscus
2231 1237 2562 1323 Guyetus,

363 1330 664 1398 Joannes
708 1335 1050 1401 Henricus
1112 1335 1485 1414 Boeclerus,
1549 1335 1669 1400 sed
1729 1343 1795 1401 et
1857 1338 2086 1420 plures
2142 1340 2261 1404 alii
2315 1340 2566 1406 dudum

365 1439 518 1499 sunt
562 1436 693 1513 usi,
748 1456 1058 1521 quosque
1109 1438 1357 1521 partim
1405 1437 1474 1501 in
1521 1443 1754 1521 partes
1797 1441 2061 1517 vocavi,
2123 1442 2344 1507 dicere
2403 1444 2567 1508 nihil

364 1536 629 1603 attinet.
720 1538 954 1605 Nolim
1010 1545 1227 1604 tamen
1273 1541 1644 1620 existimeS,
1702 1543 1799 1607 ita
1854 1543 2160 1625 religiose
2203 1565 2247 1609 a
2290 1565 2397 1610 me
2444 1566 2565 1610 ex-

361 1658 638 1705 cussam
693 1641 1042 1707 Librorum
1091 1644 1411 1721 omnium,
1468 1663 1639 1726 quos
1690 1644 1985 1722 laudavi,
2022 1647 2443 1731 scripturam,
2490 1656 2566 1712 ut

358 1761 595 1808 omnes
640 1745 871 1827 apices
913 1744 1371 1830 persequendo
1425 1745 1613 1822 nihil,
1666 1745 1847 1829 quod
1896 1765 1939 1809 a
1978 1748 2253 1828 vulgata
2279 1751 2564 1818 lectione

359 1846 600 1923 abiret,
656 1867 791 1911 non
843 1848 1273 1913 observatum
1326 1846 1706 1911 dimiserim.
1806 1846 1906 1910 Ea
1965 1848 2151 1926 mihi,
2201 1857 2281 1914 ut
2332 1872 2562 1918 verum

354 1949 598 2026 fatear,
643 1950 860 2015 inanis
901 1951 1126 2015 futura
1167 1969 1397 2032 opera,
1439 1950 1863 2032 obscuraque
1891 1951 2041 2016 visa
2069 1958 2174 2017 est
2196 1953 2560 2036 diligentia,

357 2050 775 2117 incertiorem
793 2054 1050 2118 factura
1079 2052 1452 2128 Lectorem,
1484 2071 1687 2137 quam
1709 2052 1769 2116 is
1787 2052 2008 2117 suerat
2034 2052 2300 2118 dudum.
2377 2055 2566 2134 Quid

358 2154 551 2239 quod
602 2155 912 2219 ridendos
962 2155 1219 2239 passim
1266 2155 1690 2236 propinarem
1750 2156 2019 2237 publice
2075 2155 2292 2220 bonos
2344 2163 2565 2225 cetera

361 2256 675 2335 GodiceS,
705 2257 765 2322 si
795 2257 1078 2340 singula,
1109 2277 1260 2340 quae
1291 2257 1358 2320 in
1388 2258 1751 2323 manifesto
1783 2259 2033 2323 cubare
2081 2259 2326 2325 mendo
2372 2280 2561 2326 nemo

359 2379 567 2425 sanus
594 2361 964 2443 negaverit,
1005 2360 1366 2427 identidem
1397 2361 1809 2437 exscribere,
1857 2367 2061 2445 atque
2104 2362 2194 2427 ad
2239 2382 2560 2427 nauseam

358 2483 575 2548 usque
603 2470 896 2547 repetere
924 2463 1285 2528 voluissem
1302 2463 1332 2525 ‘l
1398 2462 1557 2527 Non
1581 2461 1785 2543 igitur
1802 2481 1909 2527 me
1939 2464 2171 2529 saeculi
2193 2463 2562 2545 fastidium,

360 2565 490 2630 sed
515 2578 696 2631 certa
742 2567 1059 2641 deterruit
1092 2566 1278 2630 ratio.
1372 2562 1578 2641 Quod
1618 2583 1705 2632 ne
1752 2564 1949 2646 gratis
1999 2565 2261 2630 dixisse
2305 2567 2560 2647 videar,

353 2688 614 2746 eorum,
648 2688 800 2752 quae
839 2669 1002 2732 mihi
1043 2668 1310 2751 potiora
1343 2667 1622 2732 sectanti
1660 2666 1837 2730 ultro
1867 2685 1939 2730 se
1964 2666 2401 2748 ingesserunt,
2442 2672 2562 2734 bo-
2676 2717 2682 2721 -

353 2789 515 2835 nam
545 2776 803 2853 partem
830 2769 1087 2834 Tecum
1116 2770 1223 2833 bic
1254 2768 1746 2832 communicare
1775 2767 2142 2832 visumest.
2232 2767 2332 2831 En
2360 2771 2562 2852 igitur

355 2871 693 2936 absurdas
735 2872 1130 2955 optimorum
1183 2869 1520 2935 Codicum
1571 2868 1935 2934 lectiones:
1987 2865 2159 2933 And.
2189 2868 2349 2936 Act.
2401 2889 2451 2934 ι.
2497 2874 2558 2938 1.

356 2973 511 3038 138.
560 2972 727 3036 Sine
759 2983 832 3036 ut
879 2973 1140 3037 eveniat.
1228 2970 1390 3037 Act.
1422 2989 1533 3036 111.
1563 2971 1629 3037 3.
1654 2971 1770 3036 24.
1817 2967 2159 3056 Insperatae
2190 2973 2421 3057 nuptiae
2450 2972 2563 3039 laeoc

359 3085 551 3162 atque
606 3073 804 3140 invito
851 3073 1209 3160 Pamphila.
1264 3073 1465 3141 ‘Act.
1531 3092 1631 3139 IV.
1694 3077 1756 3140 1.
1816 3074 1923 3138 59.
1973 3072 2138 3138 Hem
2196 3075 2303 3139 sed
2356 3098 2559 3145 mane.

360 3178 523 3244 Act.
557 3195 623 3242 V.
655 3180 716 3244 1.
745 3180 851 3244 19.
903 3176 1355 3264 objurgantem
1405 3175 1722 3242 ancillam.
1811 3175 1982 3242 Eun.
2031 3178 2189 3243 Act.
2243 3197 2290 3242 1.
2340 3181 2402 3244 2.
2452 3181 2562 3246 35.

360 3279 709 3365 Abreptam
735 3304 768 3345 e
798 3280 1007 3345 Samo,
1096 3279 1253 3346 Act.
1281 3299 1361 3348 ΙΙ.
1389 3282 1456 3348 3.
1486 3284 1551 3347 7.
1604 3278 2082 3367 Ofortunatum
2110 3301 2330 3344 senem.
2418 3282 2562 3347 Ibi·

361 3381 514 3447 dem
567 3384 676 3449 24.
725 3381 1017 3447 Reddam
1072 3394 1358 3448 creatura
1387 3385 1651 3470 junceus
1673 3407 1694 3447 .·
1756 3389 1827 3449 et
1874 3385 1983 3448 45.
2031 3380 2284 3446 Scilicet
2334 3382 2557 3451 desine.

360 3485 526 3551 Act.
561 3503 678 3551 ιιι.
725 3487 790 3552 1.
835 3488 902 3553 6.
952 3484 1073 3551 Est
1111 3488 1266 3552 istuc
1310 3487 1530 3553 datum
1572 3485 1943 3573 profectum.
2031 3483 2188 3551 Act.
2221 3487 2423 3549 111.5.
2448 3486 2557 3550 37.

364 3585 599 3652 Dianae
620 3587 864 3653 misisse.
952 3587 1105 3655 Act.
1139 3608 1239 3653 1v.
1268 3591 1333 3655 6.
1362 3590 1470 3655 31.
1519 3588 1749 3654 Animo
1765 3587 2027 3674 potenti.
2114 3586 2275 3651 Act.
2307 3603 2376 3648 v·
2404 3586 2466 3651 2.
2490 3584 2554 3648 8.

363 3687 756 3755 Miserrimus
792 3690 936 3776 feci
971 3689 1343 3778 fugitando·
1424 3691 1690 3757 fleant.
1735 3689 1894 3755 Act.
1955 3705 2037 3754 11.
2100 3687 2323 3752 1.-16.
2376 3684 2564 3755 Quod

359 3792 575 3857 deinde
617 3794 696 3872 ei,
739 3805 897 3859 recte
937 3804 1044 3860 est.
1131 3793 1285 3860 Act.
1319 3811 1430 3860 111.
1459 3794 1526 3859 3.
1553 3794 1665 3858 31.
1719 3789 2041 3860 Quantum
2082 3788 2200 3851 tibi
2235 3788 2429 3873 operis
2460 3781 2562 3854 Di

359 3894 534 3959 dant.
623 3896 781 3961 Act.
838 3914 910 3962 V.
951 3898 1016 3961 1.
1067 3898 1130 3962 1.
1181 3896 1421 3961 Idcirco
1468 3895 1652 3961 scio.·
1697 3893 1983 3978 Adelph.
2027 3890 2188 3958 Act.
2239 3911 2285 3956 1.
2336 3893 2400 3958 2.
2447 3896 2557 3959 64.

366 3995 526 4062 Cum
555 3996 792 4081 placem
879 3998 1039 4064 Act.
1068 4016 1182 4064 111.
1211 3999 1278 4065 2.
1305 4000 1418 4065 35.
1469 3996 1735 4063 Patrem
1786 3997 1879 4060 ita
1918 3995 2314 4061 obsecratum.
2399 3993 2555 4060 Act.

363 4116 476 4162 111.
500 4099 562 4164 3.
592 4100 699 4164 23.
752 4099 1112 4188 Congruam
1143 4100 1349 4166 istum.
1435 4099 1594 4193 Act.
1627 4118 1727 4167 lv.
1756 4104 1822 4169 2.
1852 4101 1961 4165 23.
2011 4095 2155 4162 Non
2172 4097 2409 4183 puduit
2451 4120 2511 4161 se
2534 4122 2555 4160 .·

357 4208 425 4266 et
450 4202 560 4268 28.
608 4199 875 4289 Rcy‘erre
900 4225 1024 4268 non
1050 4203 1373 4269 audebam.
1460 4204 1621 4271 Act.
1658 4223 1753 4269 lv.
1798 4204 1863 4269 3.
1915 4204 2021 4268 14.
2071 4198 2164 4265 Et
2206 4211 2366 4266 certo
2410 4199 2560 4279 scic,-
