3050 4942
528 396 658 494 124
1135 411 1234 459 ax
1281 407 1584 518 {assito
1633 409 2167 461 no'rsnonsmo.

528 554 736 635 plexus
764 562 858 614 est
882 554 1000 614 ita:
1043 551 1228 630 Γίγεω
1258 525 1427 615 adro&
1461 558 1552 614 καὶ
1601 554 1949 636 Ἀρχίλοχος
1975 554 2185 629 Πάριος
2228 557 2367 614 κατὰ
2395 555 2494 615 τὸν
2534 555 2705 615 αὑτὸν

527 655 736 734 χρόνον
764 656 1009 728 γεγονὼς
1034 653 1354 732 ὑπέμνησεν
1381 649 1570 731 ἰάμβῳ
1595 658 1876 731 τριμέτρῳᾷ
1932 711 1943 722 ,
1960 648 2232 710 Meminit
2275 660 2469 710 autem
2498 670 2702 712 versus

529 750 657 828 ejus
687 747 1046 823 HerodotuS,
1089 768 1259 827 quem
1301 747 1578 830 applicui,
1613 747 1709 808 *sse
1735 758 1874 827 μήτε
1920 746 2105 826 Γίγεω
2142 748 2499 829 πολυχρύσου
2521 754 2703 826 μέλει.

532 846 608 905 Et
631 845 919 906 hactenus
948 845 1022 906 de
1038 845 1385 907 catalectico
1414 846 1671 906 trimetro
1692 846 1936 908 dictum.
2015 848 2106 905 De
2124 855 2445 906 octometro
2467 845 2704 905 Boiscio

528 935 685 1003 idem
706 943 789 1003 sic
812 942 988 1003 dixit:
1008 943 1410 1005 Octometrum
1425 944 1834 1005 catalecticum
1855 943 2017 1024 quod
2034 942 2364 1023 appellatur
2384 942 2704 1003 Boiscium.

529 1038 777 1112 Βοΐσκος,
806 1042 837 1100 ὃ
864 1042 977 1101 ἀπὸ
1006 1042 1275 1113 Κυᾶικοῢ,
1313 1042 1520 1102 παντὸς
1550 1041 1791 1121 γραφεῧς
1828 1048 2147 1120 ποιήματος,
2192 1040 2291 1100 τὸν
2317 1042 2589 1100 ‹ilerda-our
2610 1040 2704 1098 εὖ·

524 1140 638 1210 ρὼν
666 1143 867 1218 στίχον
891 1136 1077 1219 Φοίβῳ
1107 1143 1290 1211 τίθησι
1317 1137 1514 1218 δῶρον.

691 1264 940 1325 Boiscus
969 1267 1080 1326 iste
1110 1266 1325 1346 Cyzico
1354 1266 1488 1325 novi
1517 1277 1777 1346 repertor
1798 1265 2072 1326 carminis
2096 1285 2112 1324 ε

685 1362 840 1422 Nam
869 1362 1089 1443 primus
1118 1383 1348 1425 versum
1379 1375 1658 1424 octonum
1686 1363 1901 1444 pedum
1924 1363 2054 1423 Deo
2083 1362 2400 1424 dicaverat.

528 1490 853 1552 Firmianus
881 1491 956 1552 ad
983 1492 1239 1553 Probum
1261 1492 1336 1554 de
1363 1495 1562 1553 metris
1584 1492 2016 1554 Comoediarum
2047 1492 2133 1553 sic
2160 1492 2340 1553 dicit:
2369 1493 2524 1552 Nam
2541 1493 2702 1572 quod

523 1589 599 1649 de
616 1590 814 1649 metris
829 1588 1261 1650 Comoediarum
1275 1590 1589 1669 requisisti,
1603 1600 1663 1651 et
1677 1609 1792 1670 ego
1808 1592 1932 1651 scio
1947 1588 2230 1669 plurimos
2247 1579 2575 1649 existimare
2587 1590 2698 1649 Te-

525 1692 823 1747 rentianas
839 1687 932 1748 vel
950 1687 1197 1747 maxime
1214 1686 1446 1747 fabulas
1463 1699 1712 1747 metrum
1732 1706 1852 1746 non
1871 1685 2084 1745 habere
2107 1683 2427 1745 Comoediae
2452 1684 2701 1758 Graecae,

521 1784 564 1843 i.
597 1783 932 1857 Menandri,
975 1783 1361 1857 PhilemoniS,
1390 1784 1634 1864 Diphili,
1663 1784 1765 1864 qui
1792 1783 2067 1845 trimetris
2103 1783 2371 1842 versibus
2404 1791 2701 1843 constant.

527 1880 728 1940 Nostri
776 1880 929 1940 enim
973 1879 1216 1940 Veteres
1244 1880 1567 1941 Comoedias
1618 1882 1928 1960 scriptores
1970 1880 2030 1938 in
2070 1878 2445 1939 modulandis
2486 1879 2701 1939 fabulis

525 1976 692 2056 sequi
719 1976 1055 2036 maluerunt
1100 1977 1393 2056 Eupolim‚
1423 1976 1751 2049 Cratinum,
1794 1975 2269 2056 Aristophanem,
2295 1985 2363 2035 ut
2390 1976 2702 2056 praefatum

444 2124 449 2130 .
524 2083 637 2134 est.
695 2067 1036 2132 Mensuram
1065 2092 1196 2132 esse
1226 2073 1286 2132 in
1315 2073 1550 2145 sabuliS,
1578 2074 1693 2133 hoc
1716 2082 1808 2133 est
1831 2079 2055 2154 μέτρον,
2086 2073 2364 2146 Terentii,
2391 2083 2453 2133 et
2478 2072 2700 2144 Plauti,

524 2186 595 2231 ac
622 2181 948 2232 ceterorum
976 2167 1327 2229 comicorum
1352 2178 1412 2229 et
1430 2170 1785 2249 tragicorum
1815 2171 2019 2250 dicant
2040 2163 2137 2229 h'i:
2166 2170 2396 2241 Cicero,
2420 2170 2700 2243 Scaurus,

525 2265 876 2338 Firmianus,
906 2264 1113 2339 Varro,
1142 2266 1504 2341 Victorinus,
1534 2267 1765 2328 Caesius
1803 2268 2048 2340 Bassus,
2076 2267 2482 2337 Terentianus,
2511 2265 2702 2326 Caeci-

522 2361 637 2422 lius
660 2362 937 2434 ·Vindex,
996 2361 1267 2436 Sisenna,
1319 2363 1533 2437 Cinna,
1585 2363 1930 2436 Diomedes,
1979 2364 2250 2438 Albinus,
2280 2361 2704 2434 Quintilianus,

525 2458 823 2538 Sosipater
867 2458 1192 2530 CharisiuS,
1238 2459 1525 2534 Helenus,
1574 2463 1787 2541 Asper,
1851 2460 2086 2521 Flavius
2132 2461 2345 2544 Caper,
2399 2460 2702 2535 Aruntius,

526 2554 775 2629 Probus,
799 2554 1026 2615 Plinius
1057 2555 1402 2630 EvanthiuS,
1432 2556 1721 2619 Sacerdos
1750 2557 1850 2636 qui
1877 2568 1939 2617 et
1968 2558 2280 2632 DomatuS,
2306 2557 2341 2616 J
2351 2557 2487 2616 uba.
2698 2555 2705 2562 ’

687 2700 838 2761 Haec
867 2720 980 2795 ego
1009 2701 1258 2762 Rufinus
1286 2702 1502 2784 collegi
1528 2715 1726 2765 mente
1750 2704 2032 2785 benigna,

768 2798 1208 2878 Discipulisque
1237 2799 1374 2860 dedi
1400 2820 1644 2862 munera
1669 2801 1916 2881 pulchra
1942 2802 2156 2862 libens.

869 3072 1070 3138 DES.
1122 3072 1574 3140 ERASMUS
1630 3074 2361 3142 ROTERODAMUS

1357 3195 1409 3243 D
1424 3194 1469 3243 E
1516 3194 1577 3243 Μ
1591 3195 1638 3245 Ε
1649 3195 1693 3244 Τ
1708 3195 1757 3247 R
1770 3195 1799 3245 1
1815 3195 1872 3246 S.

528 3335 777 3394 Comc1
807 3334 998 3395 Latini
1025 3336 1265 3395 multam
1296 3336 1624 3396 libertatem
1653 3337 1762 3397 sibi
1791 3348 2149 3419 usurparunt
2176 3337 2235 3396 in
2263 3337 2550 3414 versibuS,
2595 3338 2707 3402 sed

527 3449 701 3491 nemo
727 3430 947 3509 largius
974 3431 1280 3491 Terentio:
1323 3431 1471 3492 adeo
1515 3443 1584 3492 ut
1627 3432 1786 3514 apud
1827 3432 2048 3513 priscos
2087 3453 2320 3512 quoque
2360 3433 2579 3500 fuerint
2603 3437 2708 3519 qui

518 3526 873 3607 judicarent,
916 3526 977 3585 in
1023 3526 1199 3608 hujus
1229 3528 1465 3588 Fabulis
1496 3530 1716 3589 nullam
1746 3550 1877 3591 esse
1921 3531 2240 3591 carminum
2287 3531 2498 3610 legem.
2583 3531 2707 3591 Sed

525 3624 636 3710 hos
660 3623 786 3684 falli
822 3625 1192 3685 manifestum
1230 3634 1340 3686 est.
1423 3627 1652 3687 Rursus
1692 3628 1930 3688 fuerunt
1971 3628 2072 3708 qui
2113 3647 2233 3687 non
2276 3639 2588 3707 negarunt,
2629 3631 2706 3689 ab

526 3723 640 3782 hoc
680 3722 895 3783 servari
940 3732 1251 3784 metrorum
1296 3722 1483 3802 legeS,
1524 3722 1631 3783 sed
1676 3724 1751 3788 ob
1800 3723 2168 3794 immodicam
2209 3722 2541 3794 libertatem
2584 3744 2704 3785 non

526 3839 660 3880 esse
688 3838 881 3900 operae
908 3819 1154 3899 pretium
1191 3820 1447 3898 torqueri
1492 3819 1701 3881 doctos
1746 3820 2067 3881 carminum
2112 3820 2499 3893 dimensione,
2541 3822 2706 3899 quod

529 3926 591 3980 et
615 3934 708 3975 res
738 3914 815 3974 sit
839 3915 1107 3975 immensi
1151 3916 1390 3989 laboris,
1433 3936 1543 3977 nec
1568 3918 1652 3977 ita
1678 3919 1924 3979 multum
1953 3915 2166 3976 inferat
2190 3916 2398 3995 frugis,
2482 3917 2563 3976 At
2589 3937 2704 3997 ego

529 4012 604 4072 ab
640 4020 889 4089 utroque
933 4031 1145 4089 genere
1186 4012 1507 4072 dissentio:
1552 4032 1710 4085 nam,
1755 4023 1822 4072 ut
1867 4012 2227 4073 manifestius
2276 4021 2389 4084 est,
2434 4032 2610 4091 quam
2637 4021 2706 4076 ut

528 4115 704 4184 egeat
749 4107 1114 4185 probatione,
1162 4108 1416 4168 Terentii
1445 4107 1782 4171 Comoedias
1811 4109 2074 4168 versibus
2103 4117 2408 4169 constare:
2451 4108 2559 4181 ita,
2604 4111 2704 4195 qui

415 4227 434 4248 ·
530 4200 941 4281 negligendam
983 4211 1263 4281 putarunt
1287 4213 1598 4269 metrorum
1629 4204 1933 4278 rationem,
1974 4205 2307 4287 frequenter
2345 4204 2548 4268 Poetae
2580 4224 2701 4271 ser·
