<?xml version="1.0" encoding="UTF-8"?>
<!DOCTYPE html PUBLIC "-//W3C//DTD XHTML 1.0 Transitional//EN"
    "http://www.w3.org/TR/xhtml1/DTD/xhtml1-transitional.dtd">
<html xmlns="http://www.w3.org/1999/xhtml" xml:lang="en" lang="en">
 <head>
  <title>
</title>
<meta http-equiv="Content-Type" content="text/html;charset=utf-8" />
  <meta name='ocr-system' content='tesseract 3.04.00' />
  <meta name='ocr-capabilities' content='ocr_page ocr_carea ocr_par ocr_line ocrx_word'/>
</head>
<body>
  <div class='ocr_page' id='page_1' title='image "./comoedisex00unkngoog_0212.png"; bbox 0 0 3050 4942; ppageno 0'>
   <div class='ocr_carea' id='block_1_1' title="bbox 540 355 1998 426">
    <p class='ocr_par' dir='ltr' id='par_1_1' title="bbox 540 355 1998 426">
     <span class='ocr_line' id='line_1_1' title="bbox 540 355 1998 426; baseline 0.001 -2"><span class='ocrx_word' id='word_1_1' title='bbox 540 355 677 424; x_wconf 75' lang='lat'>202</span> <span class='ocrx_word' id='word_1_2' title='bbox 1273 374 1740 425; x_wconf 68' lang='lat' dir='ltr'>PRANcrscus</span> <span class='ocrx_word' id='word_1_3' title='bbox 1787 374 1998 426; x_wconf 78' lang='lat' dir='ltr'><strong>HARB</strong></span> 
     </span>
    </p>
   </div>
   <div class='ocr_carea' id='block_1_2' title="bbox 544 517 2747 985">
    <p class='ocr_par' dir='ltr' id='par_1_2' title="bbox 544 517 2747 882">
     <span class='ocr_line' id='line_1_2' title="bbox 546 517 2745 601; baseline 0 -22"><span class='ocrx_word' id='word_1_4' title='bbox 546 518 722 579; x_wconf 85' lang='lat' dir='ltr'>simul</span> <span class='ocrx_word' id='word_1_5' title='bbox 755 524 1028 577; x_wconf 77' lang='lat' dir='ltr'>constare</span> <span class='ocrx_word' id='word_1_6' title='bbox 1057 518 1227 577; x_wconf 88' lang='lat' dir='ltr'>metri</span> <span class='ocrx_word' id='word_1_7' title='bbox 1268 517 1419 578; x_wconf 83' lang='lat' dir='ltr'>ratio</span> <span class='ocrx_word' id='word_1_8' title='bbox 1447 520 1658 594; x_wconf 83' lang='lat' dir='ltr'>vetat,)</span> <span class='ocrx_word' id='word_1_9' title='bbox 1699 518 1811 579; x_wconf 89' lang='lat' dir='ltr'>utri</span> <span class='ocrx_word' id='word_1_10' title='bbox 1851 528 1985 579; x_wconf 83' lang='lat' dir='ltr'>utra</span> <span class='ocrx_word' id='word_1_11' title='bbox 2012 519 2205 580; x_wconf 85' lang='lat' dir='ltr'>locum</span> <span class='ocrx_word' id='word_1_12' title='bbox 2238 518 2437 593; x_wconf 85' lang='lat' dir='ltr'>cedat,</span> <span class='ocrx_word' id='word_1_13' title='bbox 2467 520 2745 601; x_wconf 59' lang='lat' dir='ltr'>‘ambiga-</span> 
     </span>
     <span class='ocr_line' id='line_1_3' title="bbox 545 615 2747 697; baseline 0 -20"><span class='ocrx_word' id='word_1_14' title='bbox 545 627 680 685; x_wconf 87' lang='lat' dir='ltr'>tur;</span> <span class='ocrx_word' id='word_1_15' title='bbox 724 616 1038 687; x_wconf 81' lang='lat' dir='ltr'>interdum,</span> <span class='ocrx_word' id='word_1_16' title='bbox 1067 615 1408 694; x_wconf 82' lang='lat' dir='ltr'>posthabita</span> <span class='ocrx_word' id='word_1_17' title='bbox 1432 616 1605 675; x_wconf 85' lang='lat' dir='ltr'>metri</span> <span class='ocrx_word' id='word_1_18' title='bbox 1623 615 1871 690; x_wconf 78' lang='lat' dir='ltr'>ratione,</span> <span class='ocrx_word' id='word_1_19' title='bbox 1893 628 2205 697; x_wconf 74' lang='lat' dir='ltr'>utramque</span> <span class='ocrx_word' id='word_1_20' title='bbox 2228 617 2521 685; x_wconf 79' lang='lat' dir='ltr'>admittit:</span> <span class='ocrx_word' id='word_1_21' title='bbox 2566 619 2747 678; x_wconf 81' lang='lat' dir='ltr'>inter-</span> 
     </span>
     <span class='ocr_line' id='line_1_4' title="bbox 544 710 2745 792; baseline 0.001 -20"><span class='ocrx_word' id='word_1_22' title='bbox 544 713 689 773; x_wconf 89' lang='lat' dir='ltr'>dum</span> <span class='ocrx_word' id='word_1_23' title='bbox 708 722 942 785; x_wconf 80' lang='lat' dir='ltr'>contra,</span> <span class='ocrx_word' id='word_1_24' title='bbox 969 710 1310 791; x_wconf 82' lang='lat' dir='ltr'>irreptitiam</span> <span class='ocrx_word' id='word_1_25' title='bbox 1351 712 1526 772; x_wconf 87' lang='lat' dir='ltr'>simul</span> <span class='ocrx_word' id='word_1_26' title='bbox 1556 732 1692 772; x_wconf 87' lang='lat' dir='ltr'>cum</span> <span class='ocrx_word' id='word_1_27' title='bbox 1719 713 1979 792; x_wconf 84' lang='lat' dir='ltr'>genuina</span> <span class='ocrx_word' id='word_1_28' title='bbox 2026 712 2208 774; x_wconf 86' lang='lat' dir='ltr'>delet.</span> <span class='ocrx_word' id='word_1_29' title='bbox 2291 714 2391 773; x_wconf 85' lang='lat' dir='ltr'>Sic</span> <span class='ocrx_word' id='word_1_30' title='bbox 2437 733 2571 774; x_wconf 89' lang='lat' dir='ltr'>cum</span> <span class='ocrx_word' id='word_1_31' title='bbox 2607 714 2745 774; x_wconf 90' lang='lat' dir='ltr'>huic</span> 
     </span>
     <span class='ocr_line' id='line_1_5' title="bbox 544 809 931 882; baseline 0.003 -14"><span class='ocrx_word' id='word_1_32' title='bbox 544 809 741 870; x_wconf 78' lang='lat' dir='ltr'>versui</span> <span class='ocrx_word' id='word_1_33' title='bbox 771 809 931 882; x_wconf 88' lang='lat' dir='ltr'>olim,</span> 
     </span>
    </p>

    <p class='ocr_par' dir='ltr' id='par_1_3' title="bbox 790 904 2622 985">
     <span class='ocr_line' id='line_1_6' title="bbox 790 904 2622 985; baseline -0.002 -19"><span class='ocrx_word' id='word_1_34' title='bbox 790 905 932 966; x_wconf 80' lang='lat' dir='ltr'>Siue</span> <span class='ocrx_word' id='word_1_35' title='bbox 961 924 1057 966; x_wconf 86' lang='lat' dir='ltr'>me</span> <span class='ocrx_word' id='word_1_36' title='bbox 1083 923 1335 965; x_wconf 78' lang='lat' dir='ltr'>vacuum</span> <span class='ocrx_word' id='word_1_37' title='bbox 1360 912 1598 984; x_wconf 79' lang='lat' dir='ltr'>tempus</span> <span class='ocrx_word' id='word_1_38' title='bbox 1627 925 1704 965; x_wconf 85' lang='lat' dir='ltr'>ne</span> <span class='ocrx_word' id='word_1_39' title='bbox 1732 905 1894 985; x_wconf 90' lang='lat' dir='ltr'>quod</span> <span class='ocrx_word' id='word_1_40' title='bbox 1934 904 2073 967; x_wconf 82' lang='lat' dir='ltr'>dem</span> <span class='ocrx_word' id='word_1_41' title='bbox 2099 904 2263 978; x_wconf 81' lang='lat' dir='ltr'>mihi,</span> <span class='ocrx_word' id='word_1_42' title='bbox 2507 916 2536 927; x_wconf 67' lang='grc'><strong>“</strong></span> <span class='ocrx_word' id='word_1_43' title='bbox 2615 953 2622 954; x_wconf 23' lang='lat' dir='ltr'><em>ff</em></span> 
     </span>
    </p>
   </div>
   <div class='ocr_carea' id='block_1_3' title="bbox 529 1017 2752 2048">
    <p class='ocr_par' dir='ltr' id='par_1_4' title="bbox 529 1017 2750 1485">
     <span class='ocr_line' id='line_1_7' title="bbox 529 1017 2748 1098; baseline 0 -20"><span class='ocrx_word' id='word_1_44' title='bbox 529 1017 757 1084; x_wconf 77' lang='lat' dir='ltr'>,deesse</span> <span class='ocrx_word' id='word_1_45' title='bbox 785 1017 1009 1098; x_wconf 85' lang='lat' dir='ltr'>aliquid</span> <span class='ocrx_word' id='word_1_46' title='bbox 1038 1017 1117 1077; x_wconf 87' lang='lat' dir='ltr'>ad</span> <span class='ocrx_word' id='word_1_47' title='bbox 1140 1026 1387 1078; x_wconf 85' lang='lat' dir='ltr'>metrum</span> <span class='ocrx_word' id='word_1_48' title='bbox 1417 1017 1647 1078; x_wconf 85' lang='lat' dir='ltr'>viderat</span> <span class='ocrx_word' id='word_1_49' title='bbox 1674 1019 1969 1088; x_wconf 88' lang='lat' dir='ltr'>Muretus,</span> <span class='ocrx_word' id='word_1_50' title='bbox 1998 1038 2071 1079; x_wconf 87' lang='lat' dir='ltr'>ex</span> <span class='ocrx_word' id='word_1_51' title='bbox 2100 1017 2443 1098; x_wconf 84' lang='lat' dir='ltr'>conjectura</span> <span class='ocrx_word' id='word_1_52' title='bbox 2469 1017 2598 1079; x_wconf 86' lang='lat' dir='ltr'>dem</span> <span class='ocrx_word' id='word_1_53' title='bbox 2619 1038 2748 1079; x_wconf 88' lang='lat' dir='ltr'>mu-</span> 
     </span>
     <span class='ocr_line' id='line_1_8' title="bbox 543 1114 2750 1195; baseline 0 -21"><span class='ocrx_word' id='word_1_54' title='bbox 543 1115 692 1175; x_wconf 85' lang='lat' dir='ltr'>tavit</span> <span class='ocrx_word' id='word_1_55' title='bbox 717 1115 780 1173; x_wconf 90' lang='lat' dir='ltr'>in</span> <span class='ocrx_word' id='word_1_56' title='bbox 807 1114 972 1176; x_wconf 79' lang='lat' dir='ltr'>duim</span> <span class='ocrx_word' id='word_1_57' title='bbox 988 1135 1012 1182; x_wconf 81' lang='lat'>,-</span> <span class='ocrx_word' id='word_1_58' title='bbox 1053 1114 1318 1175; x_wconf 75' lang='lat' dir='ltr'>Fa&#39;ernus</span> <span class='ocrx_word' id='word_1_59' title='bbox 1362 1125 1562 1175; x_wconf 84' lang='lat' dir='ltr'>autem</span> <span class='ocrx_word' id='word_1_60' title='bbox 1588 1135 1623 1175; x_wconf 91' lang='lat' dir='ltr'>e</span> <span class='ocrx_word' id='word_1_61' title='bbox 1651 1114 1789 1176; x_wconf 91' lang='lat' dir='ltr'>cod.</span> <span class='ocrx_word' id='word_1_62' title='bbox 1828 1116 2036 1175; x_wconf 90' lang='lat' dir='ltr'>Bemb.</span> <span class='ocrx_word' id='word_1_63' title='bbox 2064 1133 2172 1195; x_wconf 89' lang='lat' dir='ltr'>pro</span> <span class='ocrx_word' id='word_1_64' title='bbox 2219 1133 2459 1176; x_wconf 77' lang='lat' dir='ltr'>vacuum</span> <span class='ocrx_word' id='word_1_65' title='bbox 2486 1116 2750 1194; x_wconf 82' lang='lat' dir='ltr'>reposuit</span> 
     </span>
     <span class='ocr_line' id='line_1_9' title="bbox 544 1199 2749 1291; baseline 0 -20"><span class='ocrx_word' id='word_1_66' title='bbox 544 1213 834 1271; x_wconf 79' lang='lat' dir='ltr'><strong><em>vacivom:</em></strong></span> <span class='ocrx_word' id='word_1_67' title='bbox 875 1210 1185 1283; x_wconf 90' lang='lat' dir='ltr'>Heinsius,</span> <span class='ocrx_word' id='word_1_68' title='bbox 1214 1220 1424 1271; x_wconf 85' lang='lat' dir='ltr'>contra</span> <span class='ocrx_word' id='word_1_69' title='bbox 1469 1220 1741 1285; x_wconf 87' lang='lat' dir='ltr'>metrum,</span> <span class='ocrx_word' id='word_1_70' title='bbox 1790 1219 2100 1291; x_wconf 81' lang='lat' dir='ltr'>utramque</span> <span class='ocrx_word' id='word_1_71' title='bbox 2144 1199 2325 1271; x_wconf 76' lang='lat' dir='ltr'>simul</span> <span class='ocrx_word' id='word_1_72' title='bbox 2362 1211 2749 1271; x_wconf 77' lang='lat' dir='ltr'><strong>mutationem</strong></span> 
     </span>
     <span class='ocr_line' id='line_1_10' title="bbox 546 1306 1572 1369; baseline 0 -2"><span class='ocrx_word' id='word_1_73' title='bbox 546 1307 802 1369; x_wconf 86' lang='lat' dir='ltr'>retinuit.</span> <span class='ocrx_word' id='word_1_74' title='bbox 887 1306 988 1367; x_wconf 86' lang='lat' dir='ltr'>Sic</span> <span class='ocrx_word' id='word_1_75' title='bbox 1015 1308 1236 1368; x_wconf 85' lang='lat' dir='ltr'>Heaut.</span> <span class='ocrx_word' id='word_1_76' title='bbox 1262 1326 1357 1367; x_wconf 79' lang='grc' dir='ltr'>ιν.</span> <span class='ocrx_word' id='word_1_77' title='bbox 1388 1311 1446 1368; x_wconf 91' lang='grc'>5.</span> <span class='ocrx_word' id='word_1_78' title='bbox 1478 1311 1572 1369; x_wconf 89' lang='grc'>19.</span> 
     </span>
     <span class='ocr_line' id='line_1_11' title="bbox 711 1403 2469 1485; baseline -0.001 -21"><span class='ocrx_word' id='word_1_79' title='bbox 711 1403 889 1474; x_wconf 84' lang='lat' dir='ltr'>Quod</span> <span class='ocrx_word' id='word_1_80' title='bbox 917 1403 973 1465; x_wconf 90' lang='lat' dir='ltr'>ei</span> <span class='ocrx_word' id='word_1_81' title='bbox 1000 1424 1065 1465; x_wconf 91' lang='lat' dir='ltr'>es</span> <span class='ocrx_word' id='word_1_82' title='bbox 1094 1403 1392 1484; x_wconf 85' lang='lat' dir='ltr'><strong>pollicitus</strong></span> <span class='ocrx_word' id='word_1_83' title='bbox 1418 1424 1434 1465; x_wconf 75' lang='lat' dir='ltr'><strong><em>z</em></strong></span> <span class='ocrx_word' id='word_1_84' title='bbox 1477 1407 1704 1485; x_wconf 81' lang='lat' dir='ltr'>garris:</span> <span class='ocrx_word' id='word_1_85' title='bbox 1747 1406 1908 1467; x_wconf 85' lang='lat' dir='ltr'>unde</span> <span class='ocrx_word' id='word_1_86' title='bbox 1936 1405 2043 1466; x_wconf 73' lang='lat' dir='ltr'>id?</span> <span class='ocrx_word' id='word_1_87' title='bbox 2087 1424 2123 1466; x_wconf 83' lang='lat' dir='ltr'>a</span> <span class='ocrx_word' id='word_1_88' title='bbox 2148 1412 2254 1465; x_wconf 82' lang='lat' dir='ltr'>tuo</span> <span class='ocrx_word' id='word_1_89' title='bbox 2283 1414 2469 1485; x_wconf 85' lang='lat' dir='ltr'>patre.</span> 
     </span>
    </p>

    <p class='ocr_par' dir='ltr' id='par_1_5' title="bbox 544 1500 2752 2048">
     <span class='ocr_line' id='line_1_12' title="bbox 544 1500 2749 1585; baseline 0 -24"><span class='ocrx_word' id='word_1_90' title='bbox 544 1520 682 1561; x_wconf 92' lang='lat' dir='ltr'>cum</span> <span class='ocrx_word' id='word_1_91' title='bbox 710 1500 934 1581; x_wconf 89' lang='lat' dir='ltr'>aliquid</span> <span class='ocrx_word' id='word_1_92' title='bbox 962 1511 1150 1563; x_wconf 88' lang='lat' dir='ltr'>metro</span> <span class='ocrx_word' id='word_1_93' title='bbox 1179 1522 1491 1582; x_wconf 83' lang='lat' dir='ltr'>superesse</span> <span class='ocrx_word' id='word_1_94' title='bbox 1521 1502 2080 1585; x_wconf 80' lang='lat' dir='ltr'>deprehenderetur,</span> <span class='ocrx_word' id='word_1_95' title='bbox 2111 1503 2382 1563; x_wconf 84' lang='lat' dir='ltr'>Muretus</span> <span class='ocrx_word' id='word_1_96' title='bbox 2414 1521 2493 1570; x_wconf 55' lang='lat' dir='ltr'>ex,</span> <span class='ocrx_word' id='word_1_97' title='bbox 2510 1500 2749 1581; x_wconf 85' lang='lat' dir='ltr'>ingenio</span> 
     </span>
     <span class='ocr_line' id='line_1_13' title="bbox 548 1598 2752 1675; baseline 0.001 -16"><span class='ocrx_word' id='word_1_98' title='bbox 548 1619 658 1660; x_wconf 88' lang='lat' dir='ltr'>suo</span> <span class='ocrx_word' id='word_1_99' title='bbox 707 1600 929 1662; x_wconf 87' lang='lat' dir='ltr'>delevit</span> <span class='ocrx_word' id='word_1_100' title='bbox 972 1621 1178 1662; x_wconf 85' lang='lat' dir='ltr'>vocem</span> <span class='ocrx_word' id='word_1_101' title='bbox 1206 1610 1330 1675; x_wconf 71' lang='lat' dir='ltr'>tuo,</span> <span class='ocrx_word' id='word_1_102' title='bbox 1375 1602 1642 1663; x_wconf 65' lang='lat' dir='ltr'>Faernus</span> <span class='ocrx_word' id='word_1_103' title='bbox 1685 1624 1762 1664; x_wconf 83' lang='lat' dir='ltr'>ex</span> <span class='ocrx_word' id='word_1_104' title='bbox 1810 1601 2160 1663; x_wconf 78' lang='lat' dir='ltr'>auctoritate</span> <span class='ocrx_word' id='word_1_105' title='bbox 2207 1600 2364 1660; x_wconf 59' lang='grc' dir='ltr'>Μῦς.</span> <span class='ocrx_word' id='word_1_106' title='bbox 2391 1598 2619 1659; x_wconf 73' lang='lat' dir='ltr'>delevit</span> <span class='ocrx_word' id='word_1_107' title='bbox 2646 1599 2752 1667; x_wconf 73' lang='lat' dir='ltr'>id,-</span> 
     </span>
     <span class='ocr_line' id='line_1_14' title="bbox 545 1694 2750 1777; baseline 0 -21"><span class='ocrx_word' id='word_1_108' title='bbox 545 1695 731 1758; x_wconf 85' lang='lat' dir='ltr'>editio</span> <span class='ocrx_word' id='word_1_109' title='bbox 762 1696 1089 1760; x_wconf 80' lang='lat' dir='ltr'>Heinsiana</span> <span class='ocrx_word' id='word_1_110' title='bbox 1113 1708 1425 1777; x_wconf 84' lang='lat' dir='ltr'>utramque</span> <span class='ocrx_word' id='word_1_111' title='bbox 1453 1718 1661 1762; x_wconf 85' lang='lat' dir='ltr'>vocem</span> <span class='ocrx_word' id='word_1_112' title='bbox 1690 1698 1951 1771; x_wconf 81' lang='lat' dir='ltr'><strong>sustulit,</strong></span> <span class='ocrx_word' id='word_1_113' title='bbox 1969 1699 2159 1757; x_wconf 76' lang='lat' dir='ltr'>⁴metro</span> <span class='ocrx_word' id='word_1_114' title='bbox 2188 1716 2390 1757; x_wconf 84' lang='lat' dir='ltr'>rursus</span> <span class='ocrx_word' id='word_1_115' title='bbox 2406 1694 2750 1774; x_wconf 82' lang='lat' dir='ltr'>depravato.</span> 
     </span>
     <span class='ocr_line' id='line_1_15' title="bbox 549 1790 2750 1876; baseline -0.002 -22"><span class='ocrx_word' id='word_1_116' title='bbox 549 1792 727 1862; x_wconf 82' lang='lat' dir='ltr'>Quod</span> <span class='ocrx_word' id='word_1_117' title='bbox 775 1794 1041 1876; x_wconf 79' lang='lat' dir='ltr'>pluribus</span> <span class='ocrx_word' id='word_1_118' title='bbox 1071 1794 1134 1853; x_wconf 90' lang='lat' dir='ltr'>in</span> <span class='ocrx_word' id='word_1_119' title='bbox 1180 1794 1329 1856; x_wconf 89' lang='lat' dir='ltr'>locis</span> <span class='ocrx_word' id='word_1_120' title='bbox 1356 1796 1480 1856; x_wconf 86' lang='lat' dir='ltr'>fieri</span> <span class='ocrx_word' id='word_1_121' title='bbox 1509 1796 1751 1869; x_wconf 87' lang='lat' dir='ltr'>videbit,</span> <span class='ocrx_word' id='word_1_122' title='bbox 1779 1795 2135 1876; x_wconf 88' lang='lat' dir='ltr'>quicumque</span> <span class='ocrx_word' id='word_1_123' title='bbox 2168 1792 2459 1854; x_wconf 81' lang='lat' dir='ltr'>editiones</span> <span class='ocrx_word' id='word_1_124' title='bbox 2509 1790 2750 1864; x_wconf 85' lang='lat' dir='ltr'>Mureti,</span> 
     </span>
     <span class='ocr_line' id='line_1_16' title="bbox 548 1886 2751 1972; baseline -0 -25"><span class='ocrx_word' id='word_1_125' title='bbox 548 1888 780 1962; x_wconf 76' lang='lat' dir='ltr'>Fa’erni,</span> <span class='ocrx_word' id='word_1_126' title='bbox 802 1901 988 1971; x_wconf 74' lang='lat' dir='ltr'>,atque</span> <span class='ocrx_word' id='word_1_127' title='bbox 1017 1890 1246 1954; x_wconf 85' lang='lat' dir='ltr'>Heinsii</span> <span class='ocrx_word' id='word_1_128' title='bbox 1287 1891 1539 1954; x_wconf 79' lang='lat' dir='ltr'>invicem</span> <span class='ocrx_word' id='word_1_129' title='bbox 1579 1893 1844 1954; x_wconf 81' lang='lat' dir='ltr'>conferre</span> <span class='ocrx_word' id='word_1_130' title='bbox 1886 1911 2083 1972; x_wconf 73' lang='lat' dir='ltr'>operae</span> <span class='ocrx_word' id='word_1_131' title='bbox 2125 1891 2377 1971; x_wconf 85' lang='lat' dir='ltr'>pretium</span> <span class='ocrx_word' id='word_1_132' title='bbox 2422 1886 2547 1948; x_wconf 84' lang='lat' dir='ltr'>fore</span> <span class='ocrx_word' id='word_1_133' title='bbox 2598 1886 2751 1948; x_wconf 84' lang='lat' dir='ltr'>exis-</span> 
     </span>
     <span class='ocr_line' id='line_1_17' title="bbox 550 1986 802 2048; baseline -0.008 -1"><span class='ocrx_word' id='word_1_134' title='bbox 550 1986 802 2048; x_wconf 87' lang='lat' dir='ltr'>timabit.</span> 
     </span>
    </p>
   </div>
   <div class='ocr_carea' id='block_1_4' title="bbox 1177 2309 2121 2377">
    <p class='ocr_par' dir='ltr' id='par_1_6' title="bbox 1177 2309 2121 2377">
     <span class='ocr_line' id='line_1_18' title="bbox 1177 2309 2121 2377; baseline 0 -16"><span class='ocrx_word' id='word_1_135' title='bbox 1177 2309 1619 2363; x_wconf 77' lang='lat' dir='ltr'>FRANcrscus</span> <span class='ocrx_word' id='word_1_136' title='bbox 1656 2309 1875 2377; x_wconf 76' lang='lat' dir='ltr'>HARE,</span> <span class='ocrx_word' id='word_1_137' title='bbox 1905 2311 1959 2362; x_wconf 86' lang='lat' dir='ltr'>s.</span> <span class='ocrx_word' id='word_1_138' title='bbox 1980 2313 2039 2362; x_wconf 85' lang='lat' dir='ltr'>T.</span> <span class='ocrx_word' id='word_1_139' title='bbox 2061 2312 2121 2361; x_wconf 87' lang='lat' dir='ltr'>P.</span> 
     </span>
    </p>
   </div>
   <div class='ocr_carea' id='block_1_5' title="bbox 1023 2469 2281 2539">
    <p class='ocr_par' dir='ltr' id='par_1_7' title="bbox 1023 2469 2281 2539">
     <span class='ocr_line' id='line_1_19' title="bbox 1023 2469 2281 2539; baseline -0.006 -1"><span class='ocrx_word' id='word_1_140' title='bbox 1023 2472 1172 2538; x_wconf 90' lang='lat' dir='ltr'>DE</span> <span class='ocrx_word' id='word_1_141' title='bbox 1238 2471 1684 2539; x_wconf 84' lang='lat' dir='ltr'><strong>METRIS</strong></span> <span class='ocrx_word' id='word_1_142' title='bbox 1754 2469 2281 2536; x_wconf 86' lang='lat' dir='ltr'><strong>COMICIS.</strong></span> 
     </span>
    </p>
   </div>
   <div class='ocr_carea' id='block_1_6' title="bbox 498 2650 2760 4162">
    <p class='ocr_par' dir='ltr' id='par_1_8' title="bbox 547 2650 2757 3898">
     <span class='ocr_line' id='line_1_20' title="bbox 631 2650 2754 2741; baseline -0.006 -21"><span class='ocrx_word' id='word_1_143' title='bbox 631 2656 766 2727; x_wconf 79' lang='lat' dir='ltr'>Qur</span> <span class='ocrx_word' id='word_1_144' title='bbox 797 2679 932 2719; x_wconf 91' lang='lat' dir='ltr'>cum</span> <span class='ocrx_word' id='word_1_145' title='bbox 982 2661 1178 2721; x_wconf 83' lang='lat' dir='ltr'>fructu</span> <span class='ocrx_word' id='word_1_146' title='bbox 1216 2661 1414 2741; x_wconf 81' lang='lat' dir='ltr'>legere</span> <span class='ocrx_word' id='word_1_147' title='bbox 1440 2660 1604 2732; x_wconf 86' lang='lat' dir='ltr'>velit,</span> <span class='ocrx_word' id='word_1_148' title='bbox 1653 2677 1791 2739; x_wconf 72' lang='lat' dir='ltr'>quse</span> <span class='ocrx_word' id='word_1_149' title='bbox 1832 2656 1908 2718; x_wconf 83' lang='lat' dir='ltr'>de</span> <span class='ocrx_word' id='word_1_150' title='bbox 1950 2657 2152 2719; x_wconf 77' lang='lat' dir='ltr'>metris</span> <span class='ocrx_word' id='word_1_151' title='bbox 2201 2652 2445 2716; x_wconf 81' lang='lat' dir='ltr'>comicis</span> <span class='ocrx_word' id='word_1_152' title='bbox 2486 2650 2754 2711; x_wconf 73' lang='lat' dir='ltr'>dicturus</span> 
     </span>
     <span class='ocr_line' id='line_1_21' title="bbox 554 2747 2754 2838; baseline -0.012 -7"><span class='ocrx_word' id='word_1_153' title='bbox 554 2774 708 2829; x_wconf 66' lang='lat'>8⁰¹1),</span> <span class='ocrx_word' id='word_1_154' title='bbox 746 2756 923 2819; x_wconf 85' lang='lat' dir='ltr'>domo</span> <span class='ocrx_word' id='word_1_155' title='bbox 960 2756 1172 2822; x_wconf 81' lang='lat' dir='ltr'>afferat</span> <span class='ocrx_word' id='word_1_156' title='bbox 1213 2767 1446 2838; x_wconf 75' lang='lat' dir='ltr'>oportet</span> <span class='ocrx_word' id='word_1_157' title='bbox 1495 2776 1697 2820; x_wconf 79' lang='lat' dir='ltr'>eorum</span> <span class='ocrx_word' id='word_1_158' title='bbox 1747 2755 2173 2835; x_wconf 79' lang='lat' dir='ltr'>cognitionem,</span> <span class='ocrx_word' id='word_1_159' title='bbox 2218 2771 2355 2832; x_wconf 81' lang='lat' dir='ltr'>quae</span> <span class='ocrx_word' id='word_1_160' title='bbox 2379 2751 2445 2810; x_wconf 76' lang='lat' dir='ltr'>in</span> <span class='ocrx_word' id='word_1_161' title='bbox 2495 2747 2754 2826; x_wconf 80' lang='lat' dir='ltr'>vulgatis</span> 
     </span>
     <span class='ocr_line' id='line_1_22' title="bbox 550 2847 2757 2935; baseline -0.004 -25"><span class='ocrx_word' id='word_1_162' title='bbox 550 2853 824 2914; x_wconf 82' lang='lat' dir='ltr'>carminis</span> <span class='ocrx_word' id='word_1_163' title='bbox 856 2852 1155 2914; x_wconf 89' lang='lat' dir='ltr'>condendi</span> <span class='ocrx_word' id='word_1_164' title='bbox 1199 2855 1423 2935; x_wconf 86' lang='lat' dir='ltr'>regulis</span> <span class='ocrx_word' id='word_1_165' title='bbox 1452 2854 1866 2921; x_wconf 74' lang='lat' dir='ltr'>continentur:</span> <span class='ocrx_word' id='word_1_166' title='bbox 1910 2870 2103 2930; x_wconf 86' lang='lat' dir='ltr'>neque</span> <span class='ocrx_word' id='word_1_167' title='bbox 2132 2848 2286 2909; x_wconf 89' lang='lat' dir='ltr'>enim</span> <span class='ocrx_word' id='word_1_168' title='bbox 2334 2847 2522 2926; x_wconf 85' lang='lat' dir='ltr'>prima</span> <span class='ocrx_word' id='word_1_169' title='bbox 2546 2861 2757 2925; x_wconf 88' lang='lat' dir='ltr'>proso·</span> 
     </span>
     <span class='ocr_line' id='line_1_23' title="bbox 550 2942 2754 3030; baseline -0.004 -24"><span class='ocrx_word' id='word_1_170' title='bbox 550 2947 666 3009; x_wconf 84' lang='lat' dir='ltr'>diae</span> <span class='ocrx_word' id='word_1_171' title='bbox 697 2948 991 3012; x_wconf 86' lang='lat' dir='ltr'>elementa</span> <span class='ocrx_word' id='word_1_172' title='bbox 1018 2950 1250 3011; x_wconf 84' lang='lat' dir='ltr'>tradere</span> <span class='ocrx_word' id='word_1_173' title='bbox 1295 2950 1470 3030; x_wconf 88' lang='lat' dir='ltr'>hujus</span> <span class='ocrx_word' id='word_1_174' title='bbox 1500 2949 1755 3009; x_wconf 84' lang='lat' dir='ltr'>instituti</span> <span class='ocrx_word' id='word_1_175' title='bbox 1796 2957 1909 3007; x_wconf 89' lang='lat' dir='ltr'>est.</span> <span class='ocrx_word' id='word_1_176' title='bbox 1994 2946 2112 3016; x_wconf 84' lang='lat' dir='ltr'>Qui</span> <span class='ocrx_word' id='word_1_177' title='bbox 2135 2945 2213 3005; x_wconf 69' lang='lat' dir='ltr'>‘iis</span> <span class='ocrx_word' id='word_1_178' title='bbox 2260 2943 2467 3005; x_wconf 87' lang='lat' dir='ltr'>leviter</span> <span class='ocrx_word' id='word_1_179' title='bbox 2493 2942 2754 3000; x_wconf 85' lang='lat' dir='ltr'>imbutus</span> 
     </span>
     <span class='ocr_line' id='line_1_24' title="bbox 549 3037 2753 3126; baseline -0.004 -24"><span class='ocrx_word' id='word_1_180' title='bbox 549 3054 662 3115; x_wconf 84' lang='lat' dir='ltr'>est,</span> <span class='ocrx_word' id='word_1_181' title='bbox 692 3045 858 3103; x_wconf 87' lang='lat' dir='ltr'>novit</span> <span class='ocrx_word' id='word_1_182' title='bbox 899 3046 1139 3104; x_wconf 89' lang='lat' dir='ltr'>brevem</span> <span class='ocrx_word' id='word_1_183' title='bbox 1168 3046 1457 3125; x_wconf 82' lang='lat' dir='ltr'><strong>syllabam</strong></span> <span class='ocrx_word' id='word_1_184' title='bbox 1500 3045 1675 3106; x_wconf 87' lang='lat' dir='ltr'>unius</span> <span class='ocrx_word' id='word_1_185' title='bbox 1704 3065 1837 3106; x_wconf 89' lang='lat' dir='ltr'>esse</span> <span class='ocrx_word' id='word_1_186' title='bbox 1863 3042 2164 3126; x_wconf 87' lang='lat' dir='ltr'>temporis,</span> <span class='ocrx_word' id='word_1_187' title='bbox 2190 3042 2429 3121; x_wconf 86' lang='lat' dir='ltr'>longam</span> <span class='ocrx_word' id='word_1_188' title='bbox 2462 3037 2753 3101; x_wconf 77' lang='lat' dir='ltr'>duorum:</span> 
     </span>
     <span class='ocr_line' id='line_1_25' title="bbox 547 3133 2756 3224; baseline -0.004 -25"><span class='ocrx_word' id='word_1_189' title='bbox 547 3139 734 3218; x_wconf 88' lang='lat' dir='ltr'>pedes</span> <span class='ocrx_word' id='word_1_190' title='bbox 763 3151 959 3201; x_wconf 85' lang='lat' dir='ltr'>autem</span> <span class='ocrx_word' id='word_1_191' title='bbox 988 3162 1062 3201; x_wconf 84' lang='lat' dir='ltr'>ex</span> <span class='ocrx_word' id='word_1_192' title='bbox 1111 3142 1355 3220; x_wconf 81' lang='lat' dir='ltr'><strong>syllabis</strong></span> <span class='ocrx_word' id='word_1_193' title='bbox 1385 3144 1697 3224; x_wconf 64' lang='lat' dir='ltr'>compon‘i3</span> <span class='ocrx_word' id='word_1_194' title='bbox 1764 3154 1825 3203; x_wconf 86' lang='lat' dir='ltr'>et</span> <span class='ocrx_word' id='word_1_195' title='bbox 1869 3163 1944 3202; x_wconf 87' lang='lat' dir='ltr'>ex</span> <span class='ocrx_word' id='word_1_196' title='bbox 1985 3141 2055 3200; x_wconf 89' lang='lat' dir='ltr'>iis</span> <span class='ocrx_word' id='word_1_197' title='bbox 2107 3158 2290 3199; x_wconf 89' lang='lat' dir='ltr'>unum</span> <span class='ocrx_word' id='word_1_198' title='bbox 2339 3154 2473 3198; x_wconf 87' lang='lat' dir='ltr'>esse</span> <span class='ocrx_word' id='word_1_199' title='bbox 2502 3133 2756 3193; x_wconf 85' lang='lat' dir='ltr'>duorum</span> 
     </span>
     <span class='ocr_line' id='line_1_26' title="bbox 550 3229 2757 3317; baseline -0.015 1"><span class='ocrx_word' id='word_1_200' title='bbox 550 3245 905 3316; x_wconf 50' lang='lat' dir='ltr'>mmmmm,</span> <span class='ocrx_word' id='word_1_201' title='bbox 954 3238 1352 3317; x_wconf 69' lang='lat' dir='ltr'>pyrrichium</span> <span class='ocrx_word' id='word_1_202' title='bbox 1409 3249 1528 3303; x_wconf 84' lang='lat' dir='ltr'>tres</span> <span class='ocrx_word' id='word_1_203' title='bbox 1576 3239 1771 3311; x_wconf 87' lang='lat' dir='ltr'>trium,</span> <span class='ocrx_word' id='word_1_204' title='bbox 1822 3238 2169 3308; x_wconf 77' lang='lat' dir='ltr'>trochaeum,</span> <span class='ocrx_word' id='word_1_205' title='bbox 2213 3235 2496 3303; x_wconf 87' lang='lat' dir='ltr'>iambum,</span> <span class='ocrx_word' id='word_1_206' title='bbox 2545 3229 2757 3289; x_wconf 86' lang='lat' dir='ltr'>tribra-</span> 
     </span>
     <span class='ocr_line' id='line_1_27' title="bbox 550 3328 2757 3416; baseline -0.005 -23"><span class='ocrx_word' id='word_1_207' title='bbox 550 3331 746 3413; x_wconf 79' lang='lat' dir='ltr'>chyn3</span> <span class='ocrx_word' id='word_1_208' title='bbox 808 3344 1063 3413; x_wconf 83' lang='lat' dir='ltr'>quatuor</span> <span class='ocrx_word' id='word_1_209' title='bbox 1117 3345 1447 3415; x_wconf 88' lang='lat' dir='ltr'>temporum</span> <span class='ocrx_word' id='word_1_210' title='bbox 1497 3348 1772 3416; x_wconf 88' lang='lat' dir='ltr'>quatuor,</span> <span class='ocrx_word' id='word_1_211' title='bbox 1820 3334 2192 3415; x_wconf 76' lang='lat' dir='ltr'>spondaeum,</span> <span class='ocrx_word' id='word_1_212' title='bbox 2234 3328 2557 3409; x_wconf 81' lang='lat' dir='ltr'>dactylum,</span> <span class='ocrx_word' id='word_1_213' title='bbox 2610 3341 2757 3383; x_wconf 83' lang='lat' dir='ltr'>ana-</span> 
     </span>
     <span class='ocr_line' id='line_1_28' title="bbox 551 3421 2757 3514; baseline -0.006 -25"><span class='ocrx_word' id='word_1_214' title='bbox 551 3440 830 3509; x_wconf 78' lang='lat' dir='ltr'>poestum,</span> <span class='ocrx_word' id='word_1_215' title='bbox 879 3432 1451 3514; x_wconf 76' lang='lat' dir='ltr'>etamphibrachyn,</span> <span class='ocrx_word' id='word_1_216' title='bbox 1509 3434 1644 3510; x_wconf 87' lang='lat' dir='ltr'>(sed</span> <span class='ocrx_word' id='word_1_217' title='bbox 1673 3434 1770 3494; x_wconf 90' lang='lat' dir='ltr'>hic</span> <span class='ocrx_word' id='word_1_218' title='bbox 1797 3432 2037 3493; x_wconf 88' lang='lat' dir='ltr'>ultimus</span> <span class='ocrx_word' id='word_1_219' title='bbox 2066 3430 2142 3491; x_wconf 84' lang='lat' dir='ltr'>ad</span> <span class='ocrx_word' id='word_1_220' title='bbox 2181 3436 2371 3490; x_wconf 84' lang='lat' dir='ltr'>metra</span> <span class='ocrx_word' id='word_1_221' title='bbox 2398 3421 2757 3484; x_wconf 84' lang='lat' dir='ltr'>Terentiana</span> 
     </span>
     <span class='ocr_line' id='line_1_29' title="bbox 551 3520 2754 3609; baseline -0.005 -24"><span class='ocrx_word' id='word_1_222' title='bbox 551 3525 943 3606; x_wconf 74' lang='lat' dir='ltr'>intelligenda</span> <span class='ocrx_word' id='word_1_223' title='bbox 965 3546 1206 3608; x_wconf 83' lang='lat' dir='ltr'>prorsus</span> <span class='ocrx_word' id='word_1_224' title='bbox 1236 3523 1458 3592; x_wconf 82' lang='lat' dir='ltr'>inutilis</span> <span class='ocrx_word' id='word_1_225' title='bbox 1478 3532 1525 3606; x_wconf 73' lang='grc' dir='ltr'>ς)</span> <span class='ocrx_word' id='word_1_226' title='bbox 1567 3541 1688 3591; x_wconf 87' lang='lat' dir='ltr'>tres</span> <span class='ocrx_word' id='word_1_227' title='bbox 1717 3551 1791 3591; x_wconf 86' lang='lat' dir='ltr'>ex</span> <span class='ocrx_word' id='word_1_228' title='bbox 1821 3528 2068 3609; x_wconf 86' lang='lat' dir='ltr'>pedibus</span> <span class='ocrx_word' id='word_1_229' title='bbox 2098 3523 2459 3606; x_wconf 75' lang='lat' dir='ltr'>simplicibus</span> <span class='ocrx_word' id='word_1_230' title='bbox 2491 3520 2754 3600; x_wconf 88' lang='lat' dir='ltr'>quinque</span> 
     </span>
     <span class='ocr_line' id='line_1_30' title="bbox 552 3614 2752 3703; baseline -0.004 -22"><span class='ocrx_word' id='word_1_231' title='bbox 552 3632 903 3703; x_wconf 86' lang='lat' dir='ltr'>temporum,</span> <span class='ocrx_word' id='word_1_232' title='bbox 946 3624 1281 3699; x_wconf 86' lang='lat' dir='ltr'>bacchium,</span> <span class='ocrx_word' id='word_1_233' title='bbox 1330 3626 1788 3700; x_wconf 75' lang='lat' dir='ltr'>antibacchium,</span> <span class='ocrx_word' id='word_1_234' title='bbox 1828 3635 1890 3688; x_wconf 86' lang='lat' dir='ltr'>et</span> <span class='ocrx_word' id='word_1_235' title='bbox 1917 3624 2239 3691; x_wconf 67' lang='lat' dir='ltr'>creticumg</span> <span class='ocrx_word' id='word_1_236' title='bbox 2281 3639 2464 3680; x_wconf 86' lang='lat' dir='ltr'>unum</span> <span class='ocrx_word' id='word_1_237' title='bbox 2493 3614 2752 3693; x_wconf 79' lang='lat' dir='ltr'>denique</span> 
     </span>
     <span class='ocr_line' id='line_1_31' title="bbox 555 3708 2756 3806; baseline -0.005 -26"><span class='ocrx_word' id='word_1_238' title='bbox 555 3738 820 3780; x_wconf 76' lang='lat' dir='ltr'>sexesse</span> <span class='ocrx_word' id='word_1_239' title='bbox 848 3730 1199 3806; x_wconf 84' lang='lat' dir='ltr'>temporum,</span> <span class='ocrx_word' id='word_1_240' title='bbox 1244 3740 1456 3802; x_wconf 84' lang='lat' dir='ltr'>nempe</span> <span class='ocrx_word' id='word_1_241' title='bbox 1485 3722 1852 3785; x_wconf 86' lang='lat' dir='ltr'>molossum:</span> <span class='ocrx_word' id='word_1_242' title='bbox 1898 3719 2002 3782; x_wconf 90' lang='lat' dir='ltr'>sed</span> <span class='ocrx_word' id='word_1_243' title='bbox 2032 3719 2094 3780; x_wconf 93' lang='lat' dir='ltr'>hi</span> <span class='ocrx_word' id='word_1_244' title='bbox 2133 3727 2390 3799; x_wconf 84' lang='lat' dir='ltr'>quatuor</span> <span class='ocrx_word' id='word_1_245' title='bbox 2420 3713 2496 3774; x_wconf 85' lang='lat' dir='ltr'>ad</span> <span class='ocrx_word' id='word_1_246' title='bbox 2528 3708 2756 3794; x_wconf 81' lang='lat' dir='ltr'>paeoni-</span> 
     </span>
     <span class='ocr_line' id='line_1_32' title="bbox 553 3817 2254 3898; baseline 0 -25"><span class='ocrx_word' id='word_1_247' title='bbox 553 3835 693 3874; x_wconf 88' lang='lat' dir='ltr'>cum</span> <span class='ocrx_word' id='word_1_248' title='bbox 722 3835 910 3894; x_wconf 85' lang='lat' dir='ltr'>genus</span> <span class='ocrx_word' id='word_1_249' title='bbox 941 3827 1233 3896; x_wconf 87' lang='lat' dir='ltr'>spectant,</span> <span class='ocrx_word' id='word_1_250' title='bbox 1265 3817 1339 3877; x_wconf 91' lang='lat' dir='ltr'>de</span> <span class='ocrx_word' id='word_1_251' title='bbox 1368 3838 1489 3898; x_wconf 88' lang='lat' dir='ltr'>quo</span> <span class='ocrx_word' id='word_1_252' title='bbox 1518 3820 1662 3879; x_wconf 87' lang='lat' dir='ltr'>nihil</span> <span class='ocrx_word' id='word_1_253' title='bbox 1683 3819 1779 3879; x_wconf 90' lang='lat' dir='ltr'>hic</span> <span class='ocrx_word' id='word_1_254' title='bbox 1807 3818 2071 3878; x_wconf 86' lang='lat' dir='ltr'>dicturus</span> <span class='ocrx_word' id='word_1_255' title='bbox 2101 3834 2254 3875; x_wconf 90' lang='lat' dir='ltr'>sum.</span> 
     </span>
    </p>

    <p class='ocr_par' dir='ltr' id='par_1_9' title="bbox 498 3904 2760 4162">
     <span class='ocr_line' id='line_1_33' title="bbox 635 3904 2760 3994; baseline -0.002 -26"><span class='ocrx_word' id='word_1_256' title='bbox 635 3910 724 3970; x_wconf 82' lang='lat' dir='ltr'>Ex</span> <span class='ocrx_word' id='word_1_257' title='bbox 778 3910 1002 3989; x_wconf 89' lang='lat' dir='ltr'>pedum</span> <span class='ocrx_word' id='word_1_258' title='bbox 1065 3912 1522 3994; x_wconf 84' lang='lat' dir='ltr'>dissyllaborum</span> <span class='ocrx_word' id='word_1_259' title='bbox 1586 3915 1985 3994; x_wconf 86' lang='lat' dir='ltr'>geminatione</span> <span class='ocrx_word' id='word_1_260' title='bbox 2034 3910 2131 3972; x_wconf 83' lang='lat' dir='ltr'>vel</span> <span class='ocrx_word' id='word_1_261' title='bbox 2185 3907 2605 3989; x_wconf 84' lang='lat' dir='ltr'>conjunctione</span> <span class='ocrx_word' id='word_1_262' title='bbox 2646 3904 2760 3964; x_wconf 87' lang='lat' dir='ltr'>ori·</span> 
     </span>
     <span class='ocr_line' id='line_1_34' title="bbox 498 4006 2757 4087; baseline -0.003 -21"><span class='ocrx_word' id='word_1_263' title='bbox 498 4007 503 4012; x_wconf 73' lang='grc'>’</span> <span class='ocrx_word' id='word_1_264' title='bbox 552 4014 732 4065; x_wconf 87' lang='lat' dir='ltr'>untur</span> <span class='ocrx_word' id='word_1_265' title='bbox 771 4016 982 4081; x_wconf 84' lang='lat' dir='ltr'>metra,</span> <span class='ocrx_word' id='word_1_266' title='bbox 1027 4027 1161 4086; x_wconf 80' lang='lat' dir='ltr'>quae</span> <span class='ocrx_word' id='word_1_267' title='bbox 1213 4010 1414 4072; x_wconf 82' lang='lat' dir='ltr'>Graeci</span> <span class='ocrx_word' id='word_1_268' title='bbox 1462 4012 1713 4073; x_wconf 72' lang='grc' dir='ltr'>διποδίας</span> <span class='ocrx_word' id='word_1_269' title='bbox 1769 4032 1878 4073; x_wconf 89' lang='lat' dir='ltr'>seu</span> <span class='ocrx_word' id='word_1_270' title='bbox 1930 4014 2205 4087; x_wconf 73' lang='grc' dir='ltr'><strong><em>συέυγίας</em></strong></span> <span class='ocrx_word' id='word_1_271' title='bbox 2246 4006 2468 4077; x_wconf 85' lang='lat' dir='ltr'>dixere,</span> <span class='ocrx_word' id='word_1_272' title='bbox 2511 4017 2757 4070; x_wconf 77' lang='lat' dir='ltr'>numero</span> 
     </span>
     <span class='ocr_line' id='line_1_35' title="bbox 557 4099 838 4162; baseline 0.007 -3"><span class='ocrx_word' id='word_1_273' title='bbox 557 4099 838 4162; x_wconf 87' lang='lat' dir='ltr'>sedecim.</span> 
     </span>
    </p>
   </div>
   <div class='ocr_carea' id='block_1_7' title="bbox 644 4168 2758 4287">
    <p class='ocr_par' dir='ltr' id='par_1_10' title="bbox 644 4168 2758 4287">
     <span class='ocr_line' id='line_1_36' title="bbox 644 4168 2758 4287; baseline -0.006 -23"><span class='ocrx_word' id='word_1_274' title='bbox 644 4199 695 4256; x_wconf 65' lang='lat'>1„</span> <span class='ocrx_word' id='word_1_275' title='bbox 756 4198 847 4258; x_wconf 84' lang='lat' dir='ltr'>Ex</span> <span class='ocrx_word' id='word_1_276' title='bbox 911 4200 1203 4279; x_wconf 84' lang='lat' dir='ltr'>pyrrichio</span> <span class='ocrx_word' id='word_1_277' title='bbox 1267 4205 1566 4283; x_wconf 84' lang='lat' dir='ltr'>geminato</span> <span class='ocrx_word' id='word_1_278' title='bbox 1618 4168 1691 4266; x_wconf 35' lang='lat' dir='ltr'>&#39;fit</span> <span class='ocrx_word' id='word_1_279' title='bbox 1750 4202 2335 4287; x_wconf 84' lang='lat' dir='ltr'>proceleusmaticus,</span> <span class='ocrx_word' id='word_1_280' title='bbox 2395 4194 2758 4279; x_wconf 84' lang='lat' dir='ltr'>temporibus</span> 
     </span>
    </p>
   </div>
  </div>
 </body>
</html>
