3050 4942
1034 369 1128 417 mr
1181 368 1464 417 Merme
1494 371 1836 421 comicis.
2398 365 2529 431 215

402 509 801 574 Reme-riuti:
816 510 912 562 tibi
931 511 1068 577 quod
1087 539 1107 553 -
1124 512 1381 580 placenta,
1402 528 1469 564 an
1491 512 2002 570 nondum-etiamzr
2048 517 2145 570 Sir.
2181 518 2263 569 De
2286 518 2526 576 fal-lacia-

464 592 663 644 Heaut.
685 606 774 643 111.
793 597 842 643 8.
864 597 943 643 85.
1008 596 1113 646 Et:

396 672 476 722 Tu
513 670 757 723 for-tasse
773 687 838 725 =
858 675 981 740 quid
1014 690 1095 725 me
1115 701 1135 713 -
1158 675 1249 726 fiat
1267 677 1288 743 Ι]
1300 712 1317 740 ,
1352 677 1501 741 parvi
1518 706 1537 717 -
1556 662 1813 743 pendis:
1828 679 1946 730 dum
1984 681 2060 729 mi
2081 709 2099 722 -
2116 685 2369 735 consulas.
2436 700 2518 736 lv.

459 758 511 808 3.
536 757 617 806 3⁷.

566 851 810 911 Iambici
837 853 1155 914 tetrametri
1183 855 1701 934 hypercatalectici
1729 859 1789 917 hi
1822 871 1993 928 sunt;

389 943 522 1009 Ego'
538 945 605 996 de
632 961 716 997 me
730 974 753 984 -
769 947 902 999 facio
915 964 980 1001 Σ
995 952 1365 1016 conjec-turam
1384 954 1406 1019 ss
1425 962 1568 1005 nem⁰
1605 961 1684 1006 est
1704 983 1723 994 -
1738 966 1942 1006 mcorum
1977 959 2291 1014 azmicorum
2309 989 2328 1002 -
2344 962 2515 1014 hodie.

454 1027 658 1078 Heaut.
681 1043 768 1082 ιη.
789 1035 837 1080 3.
865 1036 943 1083 13.

387 1105 544 1158 Qnin'
567 1109 694 1159 mihi
729 1114 1000 1164 mo-lestum
1023 1120 1195 1167 θεῖ-ε.
1266 1118 1358 1168 Cr„
1401 1120 1588 1182 Pergis
1608 1147 1627 1160 ·
1643 1120 1817 1170 hercle
1833 1122 1870 1186 ΙΙ.
1933 1121 2027 1171 SY.
2064 1122 2255 1173 Verum
2274 1151 2295 1165 ·
2313 1123 2430 1175 dico
2446 1137 2512 1175 =

450 1189 591 1251 quod
615 1191 839 1245 videtur.
903 1200 986 1247 21.

384 1268 499 1318 Cui'
533 1280 727 1335 quanto
741 1302 762 1311 -
777 1274 950 1329 fuerat
962 1291 1028 1330 ..·-..
1046 1286 1244 1344 praesta
1261 1308 1280 1321 ·
1298 1280 1448 1333 bilius
1466 1283 1506 1349 ΙΙ,
1539 1283 1706 1334 ubivis
1722 1312 1742 1324 -
1760 1285 1966 1350 gentium
1989 1298 2055 1336 =
2084 1292 2228 1350 agere
2262 1291 2507 1337 ae-tatem.

445 1350 589 1403 Hec.
610 1368 698 1405 111.
720 1361 830 1408 1.4.

322 1429 420 1488 Sin
449 1432 561 1493 hos
598 1432 1485 1517 hypercatalecticos'conferas
1532 1435 1668 1506 cum
1716 1447 2016 1529 utriusque
2066 1448 2296 1526 generis
2327 1439 2505 1507 ‘cata-

315 1525 558 1602 lecticis,
590 1533 810 1611 priores
841 1546 980 1595 sunt
1009 1535 1305 1599 trochaico
1329 1535 1676 1601 catalectico
1706 1562 1825 1601 uno
1854 1542 2004 1621 pede
2035 1542 2346 1616 auctiores,
2364 1562 2505 1624 pos-

312 1624 551 1686 teriores
576 1640 770 1688 autem
798 1630 1112 1698 iambicum
1140 1638 1547 1698 catalecticum
1576 1659 1696 1699 uno
1724 1638 1875 1719 pede
1904 1638 2230 1699 excedunt:
2276 1638 2383 1699 sed
2425 1640 2501 1699 de

309 1718 397 1778 his
446 1723 617 1796 satis,
664 1746 915 1805 quorum
959 1750 1102 1789 usus
1129 1742 1251 1792 tam
1299 1733 1639 1813 infrequens
1668 1744 1778 1808 est,
1828 1744 1894 1794 ut
1924 1736 2225 1815 utriusque
2270 1737 2499 1814 generis

305 1815 363 1873 in
387 1827 514 1876 toto
534 1817 819 1883 'Terentio
848 1825 944 1884 vix
967 1828 1308 1906 plusdecem
1335 1831 1471 1892 sint.

381 1914 562 1982 Quod
591 1919 668 1978 ad
694 1921 903 1984 horum
939 1944 1078 1985 vero
1109 1927 1500 2007 bisegmenta,
1531 1929 1731 1989 nescio
1761 1948 1837 1988 an
1870 1928 2145 1989 trochaici
2192 1939 2237 1989 t.
2268 1929 2325 1987 h.
2357 1947 2495 2008 pos-

300 2010 508 2073 teriore
537 2034 683 2076 usus
713 2018 791 2077 sit
819 2020 967 2082 Hec.
992 2041 1074 2083 Π.
1109 2023 1162 2085 l.
1185 2028 1249 2085 4.
1508 2019 1512 2024 ’

704 2124 878 2192 Quod
910 2126 960 2186 si
977 2160 1003 2173 -
1020 2129 1348 2192 rescie=rit
1375 2132 1704 2213 pepe-risse
1732 2153 1883 2194 eam.

300 2211 372 2270 Et
397 2212 631 2276 iambici
661 2227 703 2277 t.
732 2219 792 2278 h.
824 2222 1036 2301 priore,
1070 2225 1221 2284 Eun.
1250 2246 1329 2287 11.
1367 2230 1418 2287 1.
1450 2231 1507 2287 6.

699 2316 790 2376 Ne
817 2319 988 2379 Ystuc
1012 2321 1384 2401 tamin-iquo
1403 2338 1469 2376 =
1490 2325 1704 2405 patiare
1732 2328 1947 2387 animo·

294 2405 450 2466 Licet
479 2417 790 2491 utrumque
819 2414 1033 2477 Plauto
1063 2418 1140 2478 sit
1168 2421 1312 2480 satis
1340 2421 1641 2501 frequens..

333 2521 337 2525 '
368 2502 482 2562 His
513 2504 690 2583 igitur
719 2511 952 2586 relictiS,
983 2515 1204 2574 accedo
1232 2516 1311 2576 ad
1348 2517 1662 2578 iambicum
1702 2519 2043 2592 trimetrum,
2086 2538 2261 2597 quem
2292 2517 2482 2579 Latini

282 2599 585 2670 ,senarium
613 2602 832 2679 dixere,
862 2627 1093 2669 versum
1142 2610 1318 2690 longe
1361 2613 1809 2685 nobilissimum,
1856 2624 1917 2673 et
1943 2612 2200 2672 omnium
2230 2614 2480 2672 maxime

290 2711 322 2758 a
346 2696 603 2757 scenicis
620 2702 820 2779 ,poetis
845 2704 1322 2783 frequentatum;
1386 2707 1556 2786 cujus
1585 2717 1754 2768 tanta
1779 2717 2082 2780 venustas,
2131 2717 2200 2766 ut
2246 2708 2478 2776 Quinti·
2549 2751 2556 2756 „

284 2788 475 2851 lianus
505 2792 737 2870 dixerit,
781 2799 956 2859 etiarn
998 2803 1252 2863 Terentii
1282 2804 1500 2884 scripta
1528 2804 1665 2885 plus
1694 2806 1897 2884 gratiae
1925 2804 2214 2876 habitura,
2245 2804 2295 2862 si
2321 2803 2476 2884 intra

284 2904 666 2952 rarum-nos
711 2897 1061 2959 stetissent„
1120 2900 1217 2960 Ad
1263 2922 1467 2963 versus
1514 2902 1689 2981 hujus
1736 2901 2219 2962 constitutionem
2260 2901 2476 2989 intelli·

280 2972 563 3060 gendari),
590 2990 664 3062 ei,
705 2993 804 3070 qui
848 2995 1028 3073 probe
1072 3006 1239 3057 tenet
1265 3018 1400 3076 quae
1429 2998 1505 3058 de
1534 2998 1785 3059 iambico
1814 3007 2154 3058 tetrametro
2181 2996 2476 3057 acatalec-

278 3077 391 3139 tico
442 3082 607 3143 dicta
657 3093 815 3161 sunt,
843 3094 1084 3152 verbum
1114 3094 1259 3155 satis
1287 3096 1433 3165 erit3
1479 3096 1649 3157 istius
1677 3097 1833 3157 enirn
1867 3116 2072 3157 versus
2117 3113 2381 3155 normam
2410 3094 2471 3152 in

279 3172 536 3237 animum
566 3193 820 3257 revocet,
842 3205 976 3265 quoe
1002 3189 1133 3251 haec
1163 3191 1309 3252 fuit:

399 3283 562 3334 Proh‘
583 3286 967 3343 Phormi·onem
979 3307 1045 3346 z:
1063 3296 1450 3348 Phormi-onem
1468 3300 1489 3365 ΙΙ
1512 3300 1895 3350 Phoron-onem
1910 3312 1976 3349 =
1994 3299 2254 3350 Phormio.

276 3376 359 3437 Ex
385 3378 504 3441 hac
534 3403 714 3470 utrum
744 3390 1009 3466 quemvis
1039 3391 1426 3456 ditrochaeum
1455 3398 1707 3467 eximat;
1753 3397 1979 3476 reliqua
2019 3396 2333 3457 iambicum
2362 3396 2466 3456 tri-

273 3485 520 3537 metrum
548 3483 863 3545 conficient
889 3487 1002 3549 hac
1035 3489 1261 3552 forma:

506 3591 679 3652 Proh'
702 3594 1145 3662 Phormi-onem
1168 3629 1235 3667 =
1253 3603 1700 3667 Phormi-onem
1718 3635 1786 3673 =
1812 3606 2109 3666 Phormio.

345 3698 429 3758 Ut
455 3702 699 3776 trimetri
728 3707 907 3786 igitur
927 3731 1204 3774 numeros
1249 3717 1450 3777 statim
1496 3738 1568 3778 ac
1613 3719 1866 3779 audieris
1912 3727 2139 3789 teneaS,
2187 3725 2459 3775 constare

270 3812 512 3860 censeas
554 3819 628 3859 ex
673 3803 902 3884 syllaba
942 3828 1046 3868 seu
1094 3811 1412 3893 semipede,
1463 3814 1696 3873 duobus
1744 3813 2103 3883 ditrochaeis,
2133 3821 2193 3871 et
2220 3810 2457 3882 creticO,

266 3906 361 3949 seu
387 3897 941 3976 proceleusmaticO,
991 3906 1092 3983 qui
1141 3907 1359 3968 cretico
1406 3929 1553 3989 par:
1622 3910 1671 3968 si
1711 3909 2032 3967 trimetrum
2072 3908 2131 3966 in
2176 3906 2285 3966 has
2323 3925 2457 3986 par-

263 3991 345 4045 tes
388 3992 673 4068 resolvas,
728 3997 908 4080 illico,
938 4000 1345 4082 deprehendes
1375 4010 1599 4087 absque
1640 4005 1771 4066 aliis
1816 4003 2070 4075 auxiliis,
2113 4003 2340 4082 integer
2375 4004 2457 4061 sit

266 4097 467 4145 necne.

337 4179 532 4334 Ιὲιῇιιε
560 4146 797 4265 generis
825 4196 1022 4257 omnia
1055 4200 1270 4279 ubique
1301 4203 1475 4283 plena
1506 4212 1641 4265 sunt
1667 4223 1682 4262 ε
1727 4197 1976 4280 exempli
2005 4198 2139 4259 loco
2170 4196 2289 4257 sint
2317 4195 2446 4255 haec

265 4288 329 4331 ex
410 4298 511 4340 un.
543 4301 589 4342 1.
629 4287 682 4349 l.
