3050 4942
722 970 2477 1104 PROLEGOMENA.

981 1538 1223 1610 PUB.
1296 1539 1853 1611 TERENTII
1891 1628 1895 1634 Δ
1936 1542 2205 1610 AFRI

1151 1731 1821 1784 CARTHAGINIENSIS
1858 1731 2047 1782 VITA.

1060 1923 1320 1984 Auctore
1375 1920 1533 1985 AElio
1591 1919 1829 1985 Donato
1884 1925 1957 1984 V.
2009 1923 2079 1982 C.
2106 1924 2125 1952 ¹

503 2039 817 2120 Poenus
832 2059 1222 2122 Timum-ms
1241 2063 1446 2134 Arna,
1476 2061 1837 2140 Carthagine
1867 2072 2064 2133 natus,
2092 2061 2328 2122 servivit
2347 2059 2554 2121 Romae
2576 2059 2691 2121 Te·

496 2157 689 2216 rentio
708 2158 945 2218 Lucano
969 2159 1254 2226 senatori:
1281 2178 1317 2218 a
1334 2177 1452 2239 quo
1470 2161 1547 2218 ob
1568 2158 1867 2237 ingenium
1886 2170 1946 2218 et
1962 2158 2227 2233 formam,
2244 2179 2364 2220 non
2382 2159 2688 2219 institutus

495 2253 679 2313 modo
706 2253 1042 2327 liberaliter,
1073 2255 1180 2316 sed
1209 2266 1270 2316 et
1294 2267 1520 2316 mature
1550 2256 1947 2315 manumissus
1978 2266 2089 2317 est.
2161 2256 2419 2326 Quidam
2448 2264 2689 2335 captum

495 2369 632 2410 esse
654 2351 1022 2418 existimant;
1056 2352 1216 2432 quod
1246 2351 1368 2412 fieri
1395 2351 1562 2411 nullo
1588 2351 1766 2411 modo
1794 2353 2078 2431 potuisse,
2113 2353 2448 2414 Fenestella
2475 2352 2687 2413 docet:

494 2467 632 2508 cum
663 2448 812 2508 inter
839 2449 1014 2507 finem
1046 2447 1291 2509 secundi
1335 2447 1477 2508 belli
1525 2445 1758 2520 Punici,
1801 2458 1863 2507 et
1907 2448 2135 2507 initium
2186 2449 2339 2509 tertii
2383 2457 2560 2508 natus
2592 2451 2688 2521 sit,

497 2553 561 2602 et
587 2555 887 2604 mortuus:
931 2565 1061 2618 nec,
1098 2544 1146 2604 si
1177 2564 1213 2604 a
1242 2537 1516 2603 Numidis
1548 2552 1653 2602 aut
1680 2542 1916 2603 Getulis
1946 2552 2155 2624 captus
2186 2543 2281 2616 sit,
2324 2542 2401 2603 ad
2431 2542 2691 2604 ducem²

498 2640 832 2700 Romanum
872 2641 1170 2720 pervenire
1211 2641 1520 2722 potuisset,
1563 2636 1728 2700 nullo
1772 2641 2119 2701 commercio
2164 2640 2316 2704 inter
2360 2640 2599 2701 Italicos
2628 2649 2692 2700 et

495 2735 694 2809 Afros,
737 2738 849 2798 nisi
899 2749 1037 2818 post
1077 2738 1334 2799 deletam
1382 2737 1827 2817 Carthaginem,
1872 2747 2087 2816 coept0.
2173 2735 2288 2796 Hic
2322 2755 2457 2796 cum
2485 2736 2691 2797 multis

492 2834 786 2896 nobilibus
817 2836 1173 2896 familiariter
1201 2836 1364 2909 vixit,
1407 2835 1512 2895 sed
1543 2834 1795 2894 maxime
1823 2854 1956 2894 cum
1990 2832 2263 2912 Scipione
2292 2833 2592 2906 Africano,
2628 2843 2692 2894 et

499 2930 570 2990 C.
624 2931 844 2992 Laelio:
887 2933 1100 3012 quibus
1149 2933 1325 2992 etiam
1366 2930 1628 3010 corporis
1674 2930 1862 3009 gratia
1904 2929 2252 2990 conciliatus
2302 2929 2688 2992 existimatur.

495 3025 675 3093 Quod
725 3037 785 3086 et
822 3028 1016 3107 ipsum
1068 3027 1402 3088 Fenestella
1448 3027 1662 3107 arguit,
1704 3027 2071 3087 contendens
2118 3037 2368 3107 utroque
2407 3026 2689 3106 majorem

494 3133 637 3182 natu
668 3123 872 3183 fuisse.
958 3124 1243 3193 Quamvis
1289 3135 1350 3185 et
1395 3124 1704 3185 Cornelius
1750 3124 1952 3203 Nepos
1982 3124 2242 3203 oequales
2272 3143 2476 3184 omnes
2503 3123 2689 3183 fuisse

495 3218 712 3291 tradat,
755 3229 816 3280 et
855 3219 1090 3282 Portius
1137 3222 1531 3302 suspicionem
1576 3221 1652 3282 de
1690 3221 2122 3282 consuetudine
2152 3241 2257 3300 per
2297 3220 2427 3280 haec
2467 3219 2688 3281 faciat:

657 3347 817 3408 Dum
845 3347 1147 3408 lasciviam
1175 3349 1458 3410 nobilium
1487 3360 1549 3411 et
1574 3350 1812 3411 fucosas
1841 3350 2047 3411 laudes
2076 3350 2259 3429 petit:

654 3443 813 3504 Dum
840 3443 1106 3504 Africani
1132 3465 1276 3507 voce
1305 3445 1545 3506 divina³
1574 3447 1762 3507 inhiat
1789 3446 1976 3506 avidis
2008 3447 2281 3506 auribus:

655 3539 815 3600 Dum
840 3541 915 3601 ad
947 3541 1279 3604 Furium'se
1308 3542 1633 3605 coenitare⁴
1666 3553 1726 3604 et
1754 3543 2022 3618 Laelium,
2048 3542 2360 3622 pulchrum
2390 3553 2600 3622 putat:

657 3635 815 3697 Dum
846 3657 912 3698 se
940 3639 1123 3698 amari
1151 3641 1226 3700 ab
1253 3640 1418 3701 hisce
1444 3640 1653 3715 credit,
1680 3642 1886 3701 crebro
1913 3640 1974 3699 in
1997 3641 2292 3700 Albanum
2323 3641 2449 3719 rapi

558 3832 584 3877 1
623 3828 727 3879 Alii
746 3831 882 3880 hanc
904 3831 1082 3883 Vitam
1108 3832 1344 3885 tribuunt
1363 3834 1545 3886 Sueto·
1636 3833 1804 3886 Vocem
1820 3835 2050 3886 divinam,
2116 3833 2225 3884 Alii
2242 3848 2351 3884 voce
2376 3833 2541 3884 dimna
2555 3848 2577 3891 ‚-
2599 3831 2694 3881 alii

486 3903 576 3954 nio
597 3905 914 3971 Tranquillo.
948 3909 1099 3962 Zeta.
1624 3914 1728 3963 voci
1776 3912 1951 3962 divim
1965 3927 1987 3970 ‚-
2036 3923 2253 3977 quorum
2306 3909 2435 3960 illud
2479 3908 2689 3974 quidem

556 3985 589 4030 2
642 3982 848 4045 Ducem]
902 3984 1161 4036 Dominum
1211 3985 1444 4038 Gronov.
1487 3991 1549 4036 nt
1628 3989 1887 4045 vitiosum,
1921 3987 2019 4036 hoc
2041 3994 2215 4037 autem
2240 3985 2545 4050 antiquiori·
2580 3982 2691 4035 for·

491 4058 722 4122 postulat
738 4059 948 4109 verbnm
981 4064 997 4090 ‘
1017 4063 1361 4113 commercio!
1394 4064 1547 4114 Both.
1626 4078 1724 4113 mae
1738 4063 2257 4126 interpretamentum
2276 4067 2373 4110 est.
2405 4060 2557 4110 Both.

552 4137 583 4182 8
626 4133 682 4184 V.
699 4134 776 4198 ὠ]
808 4133 914 4185 ΑΙίἰ
949 4136 1128 4200 legunt
1146 4154 1301 4189 vocem
1318 4139 1548 4203 divinam,
1690 4142 1723 4188 4
1761 4137 2019 4202 Goenitare]
2034 4139 2205 4202 Vulgo
2218 4133 2441 4201 ἀμέτρως.
2462 4138 2540 4189 Ia.
2582 4135 2689 4190 Qui

486 4211 628 4275 quod
641 4210 1022 4277 praeferendum
1037 4229 1150 4264 esse
1165 4216 1389 4268 videtur.
1397 4216 1548 4268 Ζιιιιι.
1627 4215 1719 4267 dat
1741 4216 1877 4266 Dum
1897 4230 1949 4266 ae
1967 4217 2029 4265 ad
2051 4215 2253 4266 Furium
2272 4229 2471 4266 coenare.
