<?xml version="1.0" encoding="UTF-8"?>
<!DOCTYPE html PUBLIC "-//W3C//DTD XHTML 1.0 Transitional//EN"
    "http://www.w3.org/TR/xhtml1/DTD/xhtml1-transitional.dtd">
<html xmlns="http://www.w3.org/1999/xhtml" xml:lang="en" lang="en">
 <head>
  <title>
</title>
<meta http-equiv="Content-Type" content="text/html;charset=utf-8" />
  <meta name='ocr-system' content='tesseract 3.04.00' />
  <meta name='ocr-capabilities' content='ocr_page ocr_carea ocr_par ocr_line ocrx_word'/>
</head>
<body>
  <div class='ocr_page' id='page_1' title='image "./comoedisex00unkngoog_0207.png"; bbox 0 0 3050 4942; ppageno 0'>
   <div class='ocr_carea' id='block_1_1' title="bbox 830 345 2555 414">
    <p class='ocr_par' dir='ltr' id='par_1_1' title="bbox 830 345 2555 414">
     <span class='ocr_line' id='line_1_1' title="bbox 830 345 2555 414; baseline 0.003 -5"><span class='ocrx_word' id='word_1_1' title='bbox 830 364 931 411; x_wconf 78' lang='lat' dir='ltr'>ns</span> <span class='ocrx_word' id='word_1_2' title='bbox 978 345 1316 412; x_wconf 72' lang='lat' dir='ltr'>ssArroua</span> <span class='ocrx_word' id='word_1_3' title='bbox 1366 359 1603 409; x_wconf 71' lang='lat' dir='ltr'>murm</span> <span class='ocrx_word' id='word_1_4' title='bbox 1653 361 2155 411; x_wconf 57' lang='lat' dir='ltr'>mansurum.</span> <span class='ocrx_word' id='word_1_5' title='bbox 2419 349 2555 414; x_wconf 72' lang='lat'>197</span> 
     </span>
    </p>
   </div>
   <div class='ocr_carea' id='block_1_2' title="bbox 389 501 2552 604">
    <p class='ocr_par' dir='ltr' id='par_1_2' title="bbox 389 501 2552 604">
     <span class='ocr_line' id='line_1_2' title="bbox 389 501 2552 604; baseline 0.001 -40"><span class='ocrx_word' id='word_1_6' title='bbox 389 506 641 585; x_wconf 88' lang='lat' dir='ltr'>Propec</span> <span class='ocrx_word' id='word_1_7' title='bbox 676 501 690 586; x_wconf 90' lang='grc' dir='ltr'>Ι</span> <span class='ocrx_word' id='word_1_8' title='bbox 722 512 860 565; x_wconf 90' lang='lat' dir='ltr'>cato</span> <span class='ocrx_word' id='word_1_9' title='bbox 894 504 908 585; x_wconf 96' lang='grc' dir='ltr'>Ι</span> <span class='ocrx_word' id='word_1_10' title='bbox 941 523 1160 584; x_wconf 83' lang='lat' dir='ltr'>magno</span> <span class='ocrx_word' id='word_1_11' title='bbox 1196 503 1214 588; x_wconf 88' lang='grc' dir='ltr'>Ι</span> <span class='ocrx_word' id='word_1_12' title='bbox 1243 505 1486 588; x_wconf 88' lang='lat' dir='ltr'>paulum</span> <span class='ocrx_word' id='word_1_13' title='bbox 1522 504 1535 587; x_wconf 94' lang='grc' dir='ltr'>Ι</span> <span class='ocrx_word' id='word_1_14' title='bbox 1573 505 1824 586; x_wconf 87' lang='lat' dir='ltr'>supplici</span> <span class='ocrx_word' id='word_1_15' title='bbox 1860 503 1871 586; x_wconf 94' lang='grc' dir='ltr'>Ι</span> <span class='ocrx_word' id='word_1_16' title='bbox 1908 506 2099 604; x_wconf 27' lang='grc' dir='ltr'>ἰῆεαῐίε</span> <span class='ocrx_word' id='word_1_17' title='bbox 2137 505 2148 587; x_wconf 93' lang='grc' dir='ltr'>Ι</span> <span class='ocrx_word' id='word_1_18' title='bbox 2182 517 2275 567; x_wconf 90' lang='lat' dir='ltr'>est</span> <span class='ocrx_word' id='word_1_19' title='bbox 2300 526 2377 587; x_wconf 91' lang='lat' dir='ltr'>pa</span> <span class='ocrx_word' id='word_1_20' title='bbox 2412 516 2424 588; x_wconf 84' lang='grc' dir='ltr'>Ι</span> <span class='ocrx_word' id='word_1_21' title='bbox 2458 509 2552 568; x_wconf 89' lang='lat' dir='ltr'>tri.</span> 
     </span>
    </p>
   </div>
   <div class='ocr_carea' id='block_1_3' title="bbox 338 627 2550 1132">
    <p class='ocr_par' dir='ltr' id='par_1_3' title="bbox 340 627 2550 1110">
     <span class='ocr_line' id='line_1_3' title="bbox 347 627 2548 724; baseline 0.003 -24"><span class='ocrx_word' id='word_1_22' title='bbox 347 641 492 701; x_wconf 83' lang='lat' dir='ltr'><strong>Loci</strong></span> <span class='ocrx_word' id='word_1_23' title='bbox 521 627 728 721; x_wconf 84' lang='lat' dir='ltr'>reliqui</span> <span class='ocrx_word' id='word_1_24' title='bbox 766 641 1113 715; x_wconf 74' lang='lat' dir='ltr'>tribrachOS,</span> <span class='ocrx_word' id='word_1_25' title='bbox 1143 642 1484 722; x_wconf 70' lang='lat' dir='ltr'>spondaeos„</span> <span class='ocrx_word' id='word_1_26' title='bbox 1515 643 1807 724; x_wconf 78' lang='lat' dir='ltr'>dactyIOS,</span> <span class='ocrx_word' id='word_1_27' title='bbox 1839 656 2177 724; x_wconf 82' lang='lat' dir='ltr'>anapaestos</span> <span class='ocrx_word' id='word_1_28' title='bbox 2206 645 2548 720; x_wconf 88' lang='lat' dir='ltr'>admittunt,</span> 
     </span>
     <span class='ocr_line' id='line_1_4' title="bbox 340 737 2549 821; baseline 0.003 -25"><span class='ocrx_word' id='word_1_29' title='bbox 340 737 544 798; x_wconf 85' lang='lat' dir='ltr'>iambo</span> <span class='ocrx_word' id='word_1_30' title='bbox 573 755 804 817; x_wconf 85' lang='lat' dir='ltr'><strong>semper</strong></span> <span class='ocrx_word' id='word_1_31' title='bbox 831 738 1096 811; x_wconf 82' lang='lat' dir='ltr'>excluso,</span> <span class='ocrx_word' id='word_1_32' title='bbox 1134 738 1237 817; x_wconf 89' lang='lat' dir='ltr'>qui</span> <span class='ocrx_word' id='word_1_33' title='bbox 1285 758 1595 818; x_wconf 81' lang='lat' dir='ltr'>nunquam</span> <span class='ocrx_word' id='word_1_34' title='bbox 1642 741 2002 800; x_wconf 88' lang='lat' dir='ltr'>trochaicum</span> <span class='ocrx_word' id='word_1_35' title='bbox 2053 741 2379 821; x_wconf 84' lang='lat' dir='ltr'>ingreditur</span> <span class='ocrx_word' id='word_1_36' title='bbox 2423 761 2549 803; x_wconf 84' lang='lat' dir='ltr'>car·</span> 
     </span>
     <span class='ocr_line' id='line_1_5' title="bbox 344 835 2548 908; baseline 0.002 -16"><span class='ocrx_word' id='word_1_37' title='bbox 344 854 506 908; x_wconf 88' lang='lat' dir='ltr'>men,</span> <span class='ocrx_word' id='word_1_38' title='bbox 549 836 637 894; x_wconf 91' lang='lat' dir='ltr'>uti</span> <span class='ocrx_word' id='word_1_39' title='bbox 662 855 775 895; x_wconf 87' lang='lat' dir='ltr'>nec</span> <span class='ocrx_word' id='word_1_40' title='bbox 802 835 1100 902; x_wconf 81' lang='lat' dir='ltr'>trochaeus</span> <span class='ocrx_word' id='word_1_41' title='bbox 1132 835 1464 895; x_wconf 85' lang='lat' dir='ltr'>iambicum.</span> <span class='ocrx_word' id='word_1_42' title='bbox 1551 835 1679 894; x_wconf 91' lang='lat' dir='ltr'>Nec</span> <span class='ocrx_word' id='word_1_43' title='bbox 1709 847 1906 895; x_wconf 90' lang='lat' dir='ltr'>tamen</span> <span class='ocrx_word' id='word_1_44' title='bbox 1937 848 2164 896; x_wconf 89' lang='lat' dir='ltr'>tantum</span> <span class='ocrx_word' id='word_1_45' title='bbox 2191 839 2433 898; x_wconf 86' lang='lat' dir='ltr'>interest</span> <span class='ocrx_word' id='word_1_46' title='bbox 2459 840 2548 896; x_wconf 60' lang='lat' dir='ltr'>in*-</span> 
     </span>
     <span class='ocr_line' id='line_1_6' title="bbox 343 932 2550 1012; baseline 0.001 -22"><span class='ocrx_word' id='word_1_47' title='bbox 343 941 437 991; x_wconf 89' lang='lat' dir='ltr'>ter</span> <span class='ocrx_word' id='word_1_48' title='bbox 460 932 822 993; x_wconf 88' lang='lat' dir='ltr'>trochaicum</span> <span class='ocrx_word' id='word_1_49' title='bbox 846 942 908 993; x_wconf 92' lang='lat' dir='ltr'>et</span> <span class='ocrx_word' id='word_1_50' title='bbox 930 932 1241 993; x_wconf 84' lang='lat' dir='ltr'>iambicum</span> <span class='ocrx_word' id='word_1_51' title='bbox 1268 952 1526 1004; x_wconf 87' lang='lat' dir='ltr'>versum,</span> <span class='ocrx_word' id='word_1_52' title='bbox 1576 932 1740 1012; x_wconf 90' lang='lat' dir='ltr'>quin,</span> <span class='ocrx_word' id='word_1_53' title='bbox 1774 934 1875 1011; x_wconf 92' lang='lat' dir='ltr'>qui</span> <span class='ocrx_word' id='word_1_54' title='bbox 1905 954 2062 993; x_wconf 87' lang='lat' dir='ltr'>nunc</span> <span class='ocrx_word' id='word_1_55' title='bbox 2092 934 2426 995; x_wconf 82' lang='lat' dir='ltr'>trochaicus</span> <span class='ocrx_word' id='word_1_56' title='bbox 2455 944 2550 994; x_wconf 88' lang='lat' dir='ltr'>est</span> 
     </span>
     <span class='ocr_line' id='line_1_7' title="bbox 338 1025 2548 1132; baseline -0 -42.997"><span class='ocrx_word' id='word_1_57' title='bbox 338 1025 757 1103; x_wconf 89' lang='lat' dir='ltr'>catalecticus,</span> <span class='ocrx_word' id='word_1_58' title='bbox 810 1029 1003 1110; x_wconf 79' lang='lat' dir='ltr'>possit</span> <span class='ocrx_word' id='word_1_59' title='bbox 1049 1028 1232 1088; x_wconf 88' lang='lat' dir='ltr'>modo</span> <span class='ocrx_word' id='word_1_60' title='bbox 1277 1028 1401 1089; x_wconf 87' lang='lat' dir='ltr'>fieri</span> <span class='ocrx_word' id='word_1_61' title='bbox 1447 1028 1734 1088; x_wconf 86' lang='lat' dir='ltr'>iambicus</span> <span class='ocrx_word' id='word_1_62' title='bbox 1784 1030 2167 1104; x_wconf 87' lang='lat' dir='ltr'>acatalectus,</span> <span class='ocrx_word' id='word_1_63' title='bbox 2217 1030 2265 1089; x_wconf 91' lang='lat' dir='ltr'>si</span> <span class='ocrx_word' id='word_1_64' title='bbox 2310 1030 2548 1132; x_wconf 78' lang='lat' dir='ltr'>unicam</span> 
     </span>
    </p>
   </div>
   <div class='ocr_carea' id='block_1_4' title="bbox 344 1124 1659 1207">
    <p class='ocr_par' dir='ltr' id='par_1_4' title="bbox 344 1124 1659 1207">
     <span class='ocr_line' id='line_1_8' title="bbox 344 1124 1659 1207; baseline 0.001 -23"><span class='ocrx_word' id='word_1_65' title='bbox 344 1124 643 1195; x_wconf 78' lang='lat' dir='ltr'><strong>duntaxat</strong></span> <span class='ocrx_word' id='word_1_66' title='bbox 669 1126 956 1207; x_wconf 79' lang='lat' dir='ltr'><strong>syllabam</strong></span> <span class='ocrx_word' id='word_1_67' title='bbox 985 1125 1151 1186; x_wconf 88' lang='lat' dir='ltr'>initio</span> <span class='ocrx_word' id='word_1_68' title='bbox 1177 1145 1526 1207; x_wconf 82' lang='lat' dir='ltr'>praeponas.</span> <span class='ocrx_word' id='word_1_69' title='bbox 1556 1136 1659 1185; x_wconf 90' lang='lat' dir='ltr'>ut.</span> 
     </span>
    </p>
   </div>
   <div class='ocr_carea' id='block_1_5' title="bbox 428 1268 2465 1356">
    <p class='ocr_par' dir='ltr' id='par_1_5' title="bbox 428 1268 2465 1356">
     <span class='ocr_line' id='line_1_9' title="bbox 428 1268 2465 1356; baseline -0 -23"><span class='ocrx_word' id='word_1_70' title='bbox 428 1273 724 1353; x_wconf 47' lang='lat' dir='ltr'>Cum-faci</span> <span class='ocrx_word' id='word_1_71' title='bbox 757 1271 768 1356; x_wconf 94' lang='grc' dir='ltr'>Ι</span> <span class='ocrx_word' id='word_1_72' title='bbox 804 1291 889 1334; x_wconf 80' lang='lat' dir='ltr'>em</span> <span class='ocrx_word' id='word_1_73' title='bbox 910 1274 1040 1337; x_wconf 75' lang='lat' dir='ltr'>vide</span> <span class='ocrx_word' id='word_1_74' title='bbox 1074 1273 1085 1355; x_wconf 93' lang='grc' dir='ltr'>Ι</span> <span class='ocrx_word' id='word_1_75' title='bbox 1119 1295 1185 1336; x_wconf 74' lang='grc' dir='ltr'>σε</span> <span class='ocrx_word' id='word_1_76' title='bbox 1210 1276 1269 1335; x_wconf 78' lang='grc' dir='ltr'>υἱ</span> <span class='ocrx_word' id='word_1_77' title='bbox 1303 1272 1315 1355; x_wconf 93' lang='grc' dir='ltr'>Ι</span> <span class='ocrx_word' id='word_1_78' title='bbox 1351 1273 1527 1336; x_wconf 69' lang='lat' dir='ltr'>delur</span> <span class='ocrx_word' id='word_1_79' title='bbox 1561 1268 1618 1354; x_wconf 90' lang='grc' dir='ltr'>Ι</span> <span class='ocrx_word' id='word_1_80' title='bbox 1606 1293 1723 1333; x_wconf 76' lang='lat' dir='ltr'>esse</span> <span class='ocrx_word' id='word_1_81' title='bbox 1757 1271 1768 1355; x_wconf 92' lang='grc' dir='ltr'>Ι</span> <span class='ocrx_word' id='word_1_82' title='bbox 1802 1276 2014 1353; x_wconf 77' lang='lat' dir='ltr'>quanti</span> <span class='ocrx_word' id='word_1_83' title='bbox 2048 1272 2058 1355; x_wconf 90' lang='grc' dir='ltr'>Ι</span> <span class='ocrx_word' id='word_1_84' title='bbox 2093 1276 2181 1334; x_wconf 72' lang='lat' dir='ltr'>vis</span> <span class='ocrx_word' id='word_1_85' title='bbox 2196 1294 2311 1353; x_wconf 83' lang='lat' dir='ltr'>pre</span> <span class='ocrx_word' id='word_1_86' title='bbox 2344 1272 2355 1356; x_wconf 93' lang='grc' dir='ltr'>Ι</span> <span class='ocrx_word' id='word_1_87' title='bbox 2390 1276 2465 1333; x_wconf 81' lang='grc' dir='ltr'>οἱ.</span> 
     </span>
    </p>
   </div>
   <div class='ocr_carea' id='block_1_6' title="bbox 328 1403 2549 1610">
    <p class='ocr_par' dir='ltr' id='par_1_6' title="bbox 328 1403 2549 1610">
     <span class='ocr_line' id='line_1_10' title="bbox 328 1403 1339 1493; baseline 0.001 -21"><span class='ocrx_word' id='word_1_88' title='bbox 328 1410 711 1472; x_wconf 79' lang='lat' dir='ltr'>‘Trochaicus</span> <span class='ocrx_word' id='word_1_89' title='bbox 728 1403 871 1481; x_wconf 65' lang='lat' dir='ltr'>&#39;est3</span> <span class='ocrx_word' id='word_1_90' title='bbox 914 1412 1023 1473; x_wconf 91' lang='lat' dir='ltr'>sed</span> <span class='ocrx_word' id='word_1_91' title='bbox 1049 1413 1100 1473; x_wconf 88' lang='lat' dir='ltr'>si</span> <span class='ocrx_word' id='word_1_92' title='bbox 1127 1413 1295 1493; x_wconf 81' lang='lat' dir='ltr'>legas</span> <span class='ocrx_word' id='word_1_93' title='bbox 1320 1433 1339 1473; x_wconf 72' lang='lat' dir='ltr'>t</span> 
     </span>
     <span class='ocr_line' id='line_1_11' title="bbox 402 1522 2549 1610; baseline -0.002 -22"><span class='ocrx_word' id='word_1_94' title='bbox 402 1529 547 1601; x_wconf 72' lang='lat' dir='ltr'>Qui,</span> <span class='ocrx_word' id='word_1_95' title='bbox 575 1548 706 1589; x_wconf 79' lang='lat' dir='ltr'>cum</span> <span class='ocrx_word' id='word_1_96' title='bbox 736 1526 751 1609; x_wconf 92' lang='grc' dir='ltr'>Ι</span> <span class='ocrx_word' id='word_1_97' title='bbox 768 1527 990 1607; x_wconf 74' lang='lat' dir='ltr'>faciem</span> <span class='ocrx_word' id='word_1_98' title='bbox 1024 1526 1037 1610; x_wconf 92' lang='grc' dir='ltr'>Ι</span> <span class='ocrx_word' id='word_1_99' title='bbox 1072 1526 1267 1592; x_wconf 78' lang='lat' dir='ltr'>videas</span> <span class='ocrx_word' id='word_1_100' title='bbox 1301 1526 1314 1608; x_wconf 93' lang='grc' dir='ltr'>Ι</span> <span class='ocrx_word' id='word_1_101' title='bbox 1349 1526 1476 1590; x_wconf 77' lang='lat' dir='ltr'>vide</span> <span class='ocrx_word' id='word_1_102' title='bbox 1511 1526 1522 1608; x_wconf 94' lang='grc' dir='ltr'>Ι</span> <span class='ocrx_word' id='word_1_103' title='bbox 1560 1533 1662 1586; x_wconf 72' lang='lat' dir='ltr'>tur</span> <span class='ocrx_word' id='word_1_104' title='bbox 1688 1546 1747 1587; x_wconf 74' lang='lat' dir='ltr'>es</span> <span class='ocrx_word' id='word_1_105' title='bbox 1782 1525 1886 1606; x_wconf 75' lang='grc' dir='ltr'>Ιεε</span> <span class='ocrx_word' id='word_1_106' title='bbox 1912 1545 2067 1605; x_wconf 69' lang='lat' dir='ltr'>qaum</span> <span class='ocrx_word' id='word_1_107' title='bbox 2103 1522 2114 1607; x_wconf 94' lang='grc' dir='ltr'>Ι</span> <span class='ocrx_word' id='word_1_108' title='bbox 2150 1527 2289 1584; x_wconf 66' lang='lat' dir='ltr'>rivis</span> <span class='ocrx_word' id='word_1_109' title='bbox 2322 1522 2333 1603; x_wconf 95' lang='grc' dir='ltr'>Ι</span> <span class='ocrx_word' id='word_1_110' title='bbox 2358 1526 2549 1603; x_wconf 77' lang='lat' dir='ltr'>preci,</span> 
     </span>
    </p>
   </div>
   <div class='ocr_carea' id='block_1_7' title="bbox 329 1663 2544 2034">
    <p class='ocr_par' dir='ltr' id='par_1_7' title="bbox 329 1663 2544 2034">
     <span class='ocr_line' id='line_1_12' title="bbox 329 1663 2544 1749; baseline -0.002 -24"><span class='ocrx_word' id='word_1_111' title='bbox 329 1667 412 1749; x_wconf 20' lang='lat' dir='ltr'>*fit</span> <span class='ocrx_word' id='word_1_112' title='bbox 455 1667 745 1728; x_wconf 83' lang='lat' dir='ltr'>iambicus</span> <span class='ocrx_word' id='word_1_113' title='bbox 796 1667 1195 1736; x_wconf 85' lang='lat' dir='ltr'>acatalectus;</span> <span class='ocrx_word' id='word_1_114' title='bbox 1239 1667 1355 1728; x_wconf 91' lang='lat' dir='ltr'>hoc</span> <span class='ocrx_word' id='word_1_115' title='bbox 1393 1667 1551 1728; x_wconf 88' lang='lat' dir='ltr'>enim</span> <span class='ocrx_word' id='word_1_116' title='bbox 1599 1666 1777 1726; x_wconf 90' lang='lat' dir='ltr'>modo</span> <span class='ocrx_word' id='word_1_117' title='bbox 1808 1684 2001 1742; x_wconf 90' lang='lat' dir='ltr'>neque</span> <span class='ocrx_word' id='word_1_118' title='bbox 2030 1664 2189 1723; x_wconf 91' lang='lat' dir='ltr'>hunc</span> <span class='ocrx_word' id='word_1_119' title='bbox 2216 1663 2544 1742; x_wconf 77' lang='lat' dir='ltr'>ingreditur</span> 
     </span>
     <span class='ocr_line' id='line_1_13' title="bbox 338 1762 2544 1845; baseline -0.001 -24"><span class='ocrx_word' id='word_1_120' title='bbox 338 1764 666 1837; x_wconf 78' lang='lat' dir='ltr'>ttocbaeus,</span> <span class='ocrx_word' id='word_1_121' title='bbox 706 1784 898 1845; x_wconf 87' lang='lat' dir='ltr'>neque</span> <span class='ocrx_word' id='word_1_122' title='bbox 942 1765 1106 1825; x_wconf 87' lang='lat' dir='ltr'>illum</span> <span class='ocrx_word' id='word_1_123' title='bbox 1155 1765 1403 1825; x_wconf 88' lang='lat' dir='ltr'>iambus.</span> <span class='ocrx_word' id='word_1_124' title='bbox 1487 1764 1645 1824; x_wconf 88' lang='lat' dir='ltr'>Hinc</span> <span class='ocrx_word' id='word_1_125' title='bbox 1694 1762 1873 1823; x_wconf 89' lang='lat' dir='ltr'>etiam</span> <span class='ocrx_word' id='word_1_126' title='bbox 1918 1780 2077 1840; x_wconf 84' lang='lat' dir='ltr'>saepe</span> <span class='ocrx_word' id='word_1_127' title='bbox 2120 1762 2186 1819; x_wconf 88' lang='lat' dir='ltr'>fit</span> <span class='ocrx_word' id='word_1_128' title='bbox 2214 1769 2279 1820; x_wconf 90' lang='lat' dir='ltr'>ut</span> <span class='ocrx_word' id='word_1_129' title='bbox 2305 1769 2544 1839; x_wconf 87' lang='lat' dir='ltr'>propter</span> 
     </span>
     <span class='ocr_line' id='line_1_14' title="bbox 341 1854 2538 1941; baseline -0.002 -23"><span class='ocrx_word' id='word_1_130' title='bbox 341 1860 633 1940; x_wconf 81' lang='lat' dir='ltr'><strong>syllabam</strong></span> <span class='ocrx_word' id='word_1_131' title='bbox 673 1861 933 1941; x_wconf 85' lang='lat' dir='ltr'><strong>aliquam</strong></span> <span class='ocrx_word' id='word_1_132' title='bbox 980 1880 1351 1922; x_wconf 88' lang='lat' dir='ltr'>communem</span> <span class='ocrx_word' id='word_1_133' title='bbox 1399 1861 1556 1921; x_wconf 90' lang='lat' dir='ltr'>idem</span> <span class='ocrx_word' id='word_1_134' title='bbox 1601 1879 1803 1919; x_wconf 85' lang='lat' dir='ltr'>versus</span> <span class='ocrx_word' id='word_1_135' title='bbox 1847 1857 2037 1938; x_wconf 86' lang='lat' dir='ltr'>possit</span> <span class='ocrx_word' id='word_1_136' title='bbox 2080 1854 2418 1935; x_wconf 87' lang='lat' dir='ltr'>aliquando·</span> <span class='ocrx_word' id='word_1_137' title='bbox 2449 1854 2538 1915; x_wconf 91' lang='lat' dir='ltr'>vel</span> 
     </span>
     <span class='ocr_line' id='line_1_15' title="bbox 337 1956 1568 2034; baseline 0.002 -19"><span class='ocrx_word' id='word_1_138' title='bbox 337 1956 1033 2034; x_wconf 76' lang='lat' dir='ltr'>trochaiceveliambice</span> <span class='ocrx_word' id='word_1_139' title='bbox 1060 1958 1384 2019; x_wconf 82' lang='lat' dir='ltr'>mensurari</span> <span class='ocrx_word' id='word_1_140' title='bbox 1408 1979 1423 2017; x_wconf 88' lang='lat'>:</span> <span class='ocrx_word' id='word_1_141' title='bbox 1466 1968 1528 2017; x_wconf 81' lang='lat' dir='ltr'>ut</span> <span class='ocrx_word' id='word_1_142' title='bbox 1553 1977 1568 2017; x_wconf 72' lang='grc' dir='ltr'>ε</span> 
     </span>
    </p>
   </div>
   <div class='ocr_carea' id='block_1_8' title="bbox 503 2079 2275 2160">
    <p class='ocr_par' dir='ltr' id='par_1_8' title="bbox 503 2079 2275 2160">
     <span class='ocr_line' id='line_1_16' title="bbox 503 2079 2275 2160; baseline -0.002 -15"><span class='ocrx_word' id='word_1_143' title='bbox 503 2085 658 2160; x_wconf 90' lang='lat' dir='ltr'>Eho,</span> <span class='ocrx_word' id='word_1_144' title='bbox 684 2105 805 2146; x_wconf 90' lang='lat' dir='ltr'>non</span> <span class='ocrx_word' id='word_1_145' title='bbox 834 2096 898 2146; x_wconf 90' lang='lat' dir='ltr'>tu</span> <span class='ocrx_word' id='word_1_146' title='bbox 926 2079 1075 2147; x_wconf 84' lang='lat' dir='ltr'>dixti</span> <span class='ocrx_word' id='word_1_147' title='bbox 1102 2107 1234 2147; x_wconf 90' lang='lat' dir='ltr'>esse</span> <span class='ocrx_word' id='word_1_148' title='bbox 1262 2088 1415 2148; x_wconf 89' lang='lat' dir='ltr'>inter</span> <span class='ocrx_word' id='word_1_149' title='bbox 1437 2107 1541 2148; x_wconf 90' lang='lat' dir='ltr'>eos</span> <span class='ocrx_word' id='word_1_150' title='bbox 1570 2084 1922 2157; x_wconf 85' lang='lat' dir='ltr'>inimicitias,</span> <span class='ocrx_word' id='word_1_151' title='bbox 1950 2083 2275 2144; x_wconf 77' lang='lat' dir='ltr'>carnufex?</span> 
     </span>
    </p>
   </div>
   <div class='ocr_carea' id='block_1_9' title="bbox 334 2199 2542 2674">
    <p class='ocr_par' dir='ltr' id='par_1_9' title="bbox 334 2199 2542 2674">
     <span class='ocr_line' id='line_1_17' title="bbox 337 2199 2541 2290; baseline -0.003 -15"><span class='ocrx_word' id='word_1_152' title='bbox 337 2234 473 2275; x_wconf 90' lang='lat' dir='ltr'>cum</span> <span class='ocrx_word' id='word_1_153' title='bbox 504 2215 663 2276; x_wconf 90' lang='lat' dir='ltr'>enim</span> <span class='ocrx_word' id='word_1_154' title='bbox 689 2214 896 2276; x_wconf 89' lang='lat' dir='ltr'>ultima</span> <span class='ocrx_word' id='word_1_155' title='bbox 923 2215 1005 2289; x_wconf 91' lang='lat' dir='ltr'>in,</span> <span class='ocrx_word' id='word_1_156' title='bbox 1048 2217 1199 2290; x_wconf 81' lang='lat' dir='ltr'>Eho,</span> <span class='ocrx_word' id='word_1_157' title='bbox 1246 2217 1322 2277; x_wconf 89' lang='lat' dir='ltr'>sit</span> <span class='ocrx_word' id='word_1_158' title='bbox 1361 2217 1577 2290; x_wconf 58' lang='lat' dir='ltr'>brevis„</span> <span class='ocrx_word' id='word_1_159' title='bbox 1623 2215 1957 2276; x_wconf 89' lang='lat' dir='ltr'>trochaicus</span> <span class='ocrx_word' id='word_1_160' title='bbox 1986 2223 2079 2275; x_wconf 87' lang='lat' dir='ltr'>est</span> <span class='ocrx_word' id='word_1_161' title='bbox 2105 2232 2351 2280; x_wconf 72' lang='lat' dir='ltr'>versus:</span> <span class='ocrx_word' id='word_1_162' title='bbox 2397 2220 2458 2271; x_wconf 89' lang='lat' dir='ltr'>at</span> <span class='ocrx_word' id='word_1_163' title='bbox 2487 2199 2541 2270; x_wconf 81' lang='lat' dir='ltr'>si</span> 
     </span>
     <span class='ocr_line' id='line_1_18' title="bbox 337 2309 2542 2395; baseline -0.002 -24"><span class='ocrx_word' id='word_1_164' title='bbox 337 2313 431 2372; x_wconf 88' lang='lat' dir='ltr'>vel</span> <span class='ocrx_word' id='word_1_165' title='bbox 458 2312 703 2393; x_wconf 83' lang='lat' dir='ltr'>longam</span> <span class='ocrx_word' id='word_1_166' title='bbox 730 2312 937 2387; x_wconf 79' lang='lat' dir='ltr'>faciaS‚</span> <span class='ocrx_word' id='word_1_167' title='bbox 978 2312 1073 2372; x_wconf 85' lang='lat' dir='ltr'>vel</span> <span class='ocrx_word' id='word_1_168' title='bbox 1103 2334 1296 2374; x_wconf 80' lang='lat' dir='ltr'>nonne</span> <span class='ocrx_word' id='word_1_169' title='bbox 1322 2334 1430 2395; x_wconf 86' lang='lat' dir='ltr'>pro</span> <span class='ocrx_word' id='word_1_170' title='bbox 1458 2334 1576 2375; x_wconf 79' lang='lat' dir='ltr'>non</span> <span class='ocrx_word' id='word_1_171' title='bbox 1604 2315 1793 2393; x_wconf 79' lang='lat' dir='ltr'>legaS,</span> <span class='ocrx_word' id='word_1_172' title='bbox 1831 2333 1864 2372; x_wconf 85' lang='lat' dir='ltr'>e</span> <span class='ocrx_word' id='word_1_173' title='bbox 1891 2311 2188 2372; x_wconf 90' lang='lat' dir='ltr'>trochaico</span> <span class='ocrx_word' id='word_1_174' title='bbox 2215 2310 2410 2370; x_wconf 88' lang='lat' dir='ltr'>statim</span> <span class='ocrx_word' id='word_1_175' title='bbox 2440 2309 2542 2367; x_wconf 83' lang='lat' dir='ltr'>fiet</span> 
     </span>
     <span class='ocr_line' id='line_1_19' title="bbox 336 2406 2540 2491; baseline -0.003 -24"><span class='ocrx_word' id='word_1_176' title='bbox 336 2409 625 2468; x_wconf 87' lang='lat' dir='ltr'>iambicus</span> <span class='ocrx_word' id='word_1_177' title='bbox 676 2410 889 2469; x_wconf 87' lang='lat' dir='ltr'>acatal.</span> <span class='ocrx_word' id='word_1_178' title='bbox 942 2419 1003 2470; x_wconf 91' lang='lat' dir='ltr'>et</span> <span class='ocrx_word' id='word_1_179' title='bbox 1047 2421 1361 2491; x_wconf 91' lang='lat' dir='ltr'>propterea</span> <span class='ocrx_word' id='word_1_180' title='bbox 1409 2409 1694 2471; x_wconf 88' lang='lat' dir='ltr'>trochaici</span> <span class='ocrx_word' id='word_1_181' title='bbox 1744 2429 1781 2468; x_wconf 90' lang='lat' dir='ltr'>a</span> <span class='ocrx_word' id='word_1_182' title='bbox 1827 2407 2127 2469; x_wconf 87' lang='lat' dir='ltr'>nonnullis</span> <span class='ocrx_word' id='word_1_183' title='bbox 2171 2406 2540 2487; x_wconf 84' lang='lat' dir='ltr'>appellantur</span> 
     </span>
     <span class='ocr_line' id='line_1_20' title="bbox 337 2501 2538 2585; baseline -0.002 -24"><span class='ocrx_word' id='word_1_184' title='bbox 337 2502 576 2564; x_wconf 86' lang='lat' dir='ltr'>iambici</span> <span class='ocrx_word' id='word_1_185' title='bbox 606 2506 682 2564; x_wconf 91' lang='lat' dir='ltr'>ab</span> <span class='ocrx_word' id='word_1_186' title='bbox 710 2503 877 2563; x_wconf 90' lang='lat' dir='ltr'>initio</span> <span class='ocrx_word' id='word_1_187' title='bbox 896 2506 1262 2566; x_wconf 85' lang='lat' dir='ltr'>catalectici:</span> <span class='ocrx_word' id='word_1_188' title='bbox 1293 2505 1455 2585; x_wconf 88' lang='lat' dir='ltr'>quod</span> <span class='ocrx_word' id='word_1_189' title='bbox 1485 2504 1835 2565; x_wconf 89' lang='lat' dir='ltr'>Aristoteles</span> <span class='ocrx_word' id='word_1_190' title='bbox 1864 2505 2039 2564; x_wconf 90' lang='lat' dir='ltr'>etiam</span> <span class='ocrx_word' id='word_1_191' title='bbox 2067 2504 2260 2562; x_wconf 88' lang='lat' dir='ltr'>facere</span> <span class='ocrx_word' id='word_1_192' title='bbox 2290 2501 2538 2571; x_wconf 88' lang='lat' dir='ltr'>videtur,</span> 
     </span>
     <span class='ocr_line' id='line_1_21' title="bbox 334 2599 2426 2674; baseline -0.003 -14"><span class='ocrx_word' id='word_1_193' title='bbox 334 2602 434 2662; x_wconf 85' lang='lat' dir='ltr'>ubi</span> <span class='ocrx_word' id='word_1_194' title='bbox 460 2602 627 2664; x_wconf 89' lang='lat' dir='ltr'>hunc</span> <span class='ocrx_word' id='word_1_195' title='bbox 656 2624 888 2664; x_wconf 89' lang='lat' dir='ltr'>versum</span> <span class='ocrx_word' id='word_1_196' title='bbox 919 2625 993 2665; x_wconf 85' lang='lat' dir='ltr'>ex</span> <span class='ocrx_word' id='word_1_197' title='bbox 1023 2601 1231 2665; x_wconf 86' lang='lat' dir='ltr'>iambis</span> <span class='ocrx_word' id='word_1_198' title='bbox 1261 2602 1605 2664; x_wconf 86' lang='lat' dir='ltr'>Archilochi</span> <span class='ocrx_word' id='word_1_199' title='bbox 1635 2603 1798 2674; x_wconf 89' lang='lat' dir='ltr'>citat,</span> <span class='ocrx_word' id='word_1_200' title='bbox 1824 2599 2001 2660; x_wconf 86' lang='lat' dir='ltr'>Rhet.</span> <span class='ocrx_word' id='word_1_201' title='bbox 2032 2601 2073 2659; x_wconf 91' lang='lat' dir='ltr'>l.</span> <span class='ocrx_word' id='word_1_202' title='bbox 2106 2619 2214 2658; x_wconf 90' lang='lat'>111.</span> <span class='ocrx_word' id='word_1_203' title='bbox 2246 2618 2296 2658; x_wconf 89' lang='lat' dir='ltr'>c.</span> <span class='ocrx_word' id='word_1_204' title='bbox 2333 2599 2426 2655; x_wconf 89' lang='lat'>17.</span> 
     </span>
    </p>
   </div>
   <div class='ocr_carea' id='block_1_10' title="bbox 579 2728 2101 2812">
    <p class='ocr_par' dir='ltr' id='par_1_10' title="bbox 579 2728 2101 2812">
     <span class='ocr_line' id='line_1_22' title="bbox 579 2728 2101 2812; baseline -0.005 -19"><span class='ocrx_word' id='word_1_205' title='bbox 579 2732 895 2812; x_wconf 78' lang='grc' dir='ltr'>Χρημάτων</span> <span class='ocrx_word' id='word_1_206' title='bbox 918 2732 966 2792; x_wconf 85' lang='grc' dir='ltr'>δ’</span> <span class='ocrx_word' id='word_1_207' title='bbox 992 2735 1247 2793; x_wconf 71' lang='grc' dir='ltr'><strong>ἄελπτ’-ον</strong></span> <span class='ocrx_word' id='word_1_208' title='bbox 1271 2735 1436 2792; x_wconf 81' lang='grc' dir='ltr'>οὖθὲν</span> <span class='ocrx_word' id='word_1_209' title='bbox 1465 2732 1621 2792; x_wconf 70' lang='grc' dir='ltr'>ἐστιν</span> <span class='ocrx_word' id='word_1_210' title='bbox 1647 2728 1760 2788; x_wconf 68' lang='grc' dir='ltr'>οὐδ’</span> <span class='ocrx_word' id='word_1_211' title='bbox 1783 2732 2101 2807; x_wconf 75' lang='grc' dir='ltr'>ἀπώμοτον.</span> 
     </span>
    </p>
   </div>
   <div class='ocr_carea' id='block_1_11' title="bbox 330 2853 2538 3418">
    <p class='ocr_par' dir='ltr' id='par_1_11' title="bbox 330 2853 2536 3115">
     <span class='ocr_line' id='line_1_23' title="bbox 339 2853 2536 2940; baseline -0.004 -20"><span class='ocrx_word' id='word_1_212' title='bbox 339 2853 536 2940; x_wconf 84' lang='lat' dir='ltr'>Atque</span> <span class='ocrx_word' id='word_1_213' title='bbox 566 2862 776 2924; x_wconf 86' lang='lat' dir='ltr'>exinde</span> <span class='ocrx_word' id='word_1_214' title='bbox 805 2864 1021 2924; x_wconf 88' lang='lat' dir='ltr'>nemini</span> <span class='ocrx_word' id='word_1_215' title='bbox 1049 2864 1260 2923; x_wconf 91' lang='lat' dir='ltr'>mirum</span> <span class='ocrx_word' id='word_1_216' title='bbox 1287 2860 1474 2921; x_wconf 83' lang='lat' dir='ltr'>videri</span> <span class='ocrx_word' id='word_1_217' title='bbox 1504 2859 1703 2932; x_wconf 89' lang='lat' dir='ltr'>debet,</span> <span class='ocrx_word' id='word_1_218' title='bbox 1746 2860 1794 2918; x_wconf 90' lang='lat' dir='ltr'>si</span> <span class='ocrx_word' id='word_1_219' title='bbox 1835 2856 2169 2917; x_wconf 88' lang='lat' dir='ltr'>trochaicos</span> <span class='ocrx_word' id='word_1_220' title='bbox 2213 2874 2347 2914; x_wconf 89' lang='lat' dir='ltr'>cum</span> <span class='ocrx_word' id='word_1_221' title='bbox 2392 2853 2536 2912; x_wconf 90' lang='lat' dir='ltr'>iam</span> 
     </span>
     <span class='ocr_line' id='line_1_24' title="bbox 330 2950 2535 3038; baseline -0.004 -22"><span class='ocrx_word' id='word_1_222' title='bbox 330 2958 528 3016; x_wconf 82' lang='lat' dir='ltr'>bicis</span> <span class='ocrx_word' id='word_1_223' title='bbox 514 2977 576 3017; x_wconf 88' lang='lat' dir='ltr'>m</span> <span class='ocrx_word' id='word_1_224' title='bbox 608 2957 817 3019; x_wconf 81' lang='lat' dir='ltr'>eadem</span> <span class='ocrx_word' id='word_1_225' title='bbox 848 2978 1028 3019; x_wconf 90' lang='lat' dir='ltr'>scena</span> <span class='ocrx_word' id='word_1_226' title='bbox 1055 2978 1216 3038; x_wconf 77' lang='lat' dir='ltr'>saepe</span> <span class='ocrx_word' id='word_1_227' title='bbox 1246 2959 1454 3018; x_wconf 89' lang='lat' dir='ltr'>mistos</span> <span class='ocrx_word' id='word_1_228' title='bbox 1483 2954 1705 3029; x_wconf 85' lang='lat' dir='ltr'>videat,</span> <span class='ocrx_word' id='word_1_229' title='bbox 1744 2974 1880 3014; x_wconf 91' lang='lat' dir='ltr'>cum</span> <span class='ocrx_word' id='word_1_230' title='bbox 1910 2955 1984 3013; x_wconf 91' lang='lat' dir='ltr'>ab</span> <span class='ocrx_word' id='word_1_231' title='bbox 2007 2952 2102 3011; x_wconf 92' lang='lat' dir='ltr'>his</span> <span class='ocrx_word' id='word_1_232' title='bbox 2131 2950 2208 3011; x_wconf 88' lang='lat' dir='ltr'>ad</span> <span class='ocrx_word' id='word_1_233' title='bbox 2252 2950 2385 3010; x_wconf 89' lang='lat' dir='ltr'>illos</span> <span class='ocrx_word' id='word_1_234' title='bbox 2413 2959 2535 3009; x_wconf 88' lang='lat' dir='ltr'>tam</span> 
     </span>
     <span class='ocr_line' id='line_1_25' title="bbox 337 3054 960 3116; baseline 0.007 -5"><span class='ocrx_word' id='word_1_235' title='bbox 337 3054 523 3114; x_wconf 84' lang='lat' dir='ltr'>facilis</span> <span class='ocrx_word' id='word_1_236' title='bbox 555 3056 634 3115; x_wconf 91' lang='lat' dir='ltr'>sit</span> <span class='ocrx_word' id='word_1_237' title='bbox 657 3056 960 3116; x_wconf 83' lang='lat' dir='ltr'>transitus.</span> 
     </span>
    </p>

    <p class='ocr_par' dir='ltr' id='par_1_12' title="bbox 330 3105 2538 3418">
     <span class='ocr_line' id='line_1_26' title="bbox 417 3105 2538 3232; baseline -0.004 -23"><span class='ocrx_word' id='word_1_238' title='bbox 417 3152 763 3213; x_wconf 87' lang='lat' dir='ltr'>Trochaicis</span> <span class='ocrx_word' id='word_1_239' title='bbox 792 3153 1131 3213; x_wconf 87' lang='lat' dir='ltr'>acatalectis</span> <span class='ocrx_word' id='word_1_240' title='bbox 1160 3152 1394 3232; x_wconf 88' lang='lat' dir='ltr'>parcius</span> <span class='ocrx_word' id='word_1_241' title='bbox 1441 3150 1527 3212; x_wconf 91' lang='lat' dir='ltr'>uti</span> <span class='ocrx_word' id='word_1_242' title='bbox 1574 3149 1826 3221; x_wconf 78' lang='lat' dir='ltr'>videtur,</span> <span class='ocrx_word' id='word_1_243' title='bbox 1868 3157 2045 3226; x_wconf 89' lang='lat' dir='ltr'>atque</span> <span class='ocrx_word' id='word_1_244' title='bbox 2093 3145 2172 3205; x_wconf 90' lang='lat' dir='ltr'>ibi</span> <span class='ocrx_word' id='word_1_245' title='bbox 2210 3141 2400 3203; x_wconf 88' lang='lat' dir='ltr'>solum</span> <span class='ocrx_word' id='word_1_246' title='bbox 2440 3105 2538 3201; x_wconf 85' lang='lat' dir='ltr'>ubi</span> 
     </span>
     <span class='ocr_line' id='line_1_27' title="bbox 330 3240 2538 3328; baseline -0.003 -24"><span class='ocrx_word' id='word_1_247' title='bbox 330 3246 557 3308; x_wconf 67' lang='lat' dir='ltr'>{abulae</span> <span class='ocrx_word' id='word_1_248' title='bbox 586 3261 782 3328; x_wconf 87' lang='lat' dir='ltr'>partes</span> <span class='ocrx_word' id='word_1_249' title='bbox 812 3249 1165 3309; x_wconf 87' lang='lat' dir='ltr'>turbatiores</span> <span class='ocrx_word' id='word_1_250' title='bbox 1193 3260 1470 3328; x_wconf 85' lang='lat' dir='ltr'>aguntur,</span> <span class='ocrx_word' id='word_1_251' title='bbox 1500 3249 1586 3308; x_wconf 88' lang='lat' dir='ltr'>ita</span> <span class='ocrx_word' id='word_1_252' title='bbox 1612 3257 1681 3307; x_wconf 91' lang='lat' dir='ltr'>ut</span> <span class='ocrx_word' id='word_1_253' title='bbox 1707 3247 1803 3308; x_wconf 82' lang='lat' dir='ltr'>vix</span> <span class='ocrx_word' id='word_1_254' title='bbox 1827 3261 2129 3322; x_wconf 82' lang='lat' dir='ltr'>numerum</span> <span class='ocrx_word' id='word_1_255' title='bbox 2155 3240 2368 3300; x_wconf 89' lang='lat' dir='ltr'>sentire</span> <span class='ocrx_word' id='word_1_256' title='bbox 2396 3257 2538 3318; x_wconf 88' lang='lat' dir='ltr'>pos-</span> 
     </span>
     <span class='ocr_line' id='line_1_28' title="bbox 341 3340 1120 3418; baseline 0.004 -17"><span class='ocrx_word' id='word_1_257' title='bbox 341 3343 455 3404; x_wconf 85' lang='lat' dir='ltr'>sis:</span> <span class='ocrx_word' id='word_1_258' title='bbox 501 3355 589 3418; x_wconf 88' lang='lat' dir='ltr'>ut,</span> <span class='ocrx_word' id='word_1_259' title='bbox 616 3340 858 3406; x_wconf 88' lang='lat' dir='ltr'>Phorm.</span> <span class='ocrx_word' id='word_1_260' title='bbox 893 3367 938 3405; x_wconf 90' lang='lat'>1.</span> <span class='ocrx_word' id='word_1_261' title='bbox 972 3345 1028 3405; x_wconf 87' lang='lat'>3.</span> <span class='ocrx_word' id='word_1_262' title='bbox 1065 3348 1120 3404; x_wconf 77' lang='lat'>1.</span> 
     </span>
    </p>
   </div>
   <div class='ocr_carea' id='block_1_12' title="bbox 416 3470 2460 3554">
    <p class='ocr_par' dir='ltr' id='par_1_13' title="bbox 416 3470 2460 3554">
     <span class='ocr_line' id='line_1_29' title="bbox 416 3470 2460 3554; baseline -0.004 -21"><span class='ocrx_word' id='word_1_263' title='bbox 416 3473 655 3534; x_wconf 87' lang='lat' dir='ltr'>Adeon&#39;</span> <span class='ocrx_word' id='word_1_264' title='bbox 682 3495 804 3535; x_wconf 88' lang='lat' dir='ltr'>rem</span> <span class='ocrx_word' id='word_1_265' title='bbox 829 3474 1073 3548; x_wconf 87' lang='lat' dir='ltr'>redisse,</span> <span class='ocrx_word' id='word_1_266' title='bbox 1101 3484 1168 3534; x_wconf 89' lang='lat' dir='ltr'>ut</span> <span class='ocrx_word' id='word_1_267' title='bbox 1195 3475 1296 3554; x_wconf 90' lang='lat' dir='ltr'>qui</span> <span class='ocrx_word' id='word_1_268' title='bbox 1322 3476 1464 3535; x_wconf 88' lang='lat' dir='ltr'>mihi</span> <span class='ocrx_word' id='word_1_269' title='bbox 1491 3476 1830 3548; x_wconf 87' lang='lat' dir='ltr'>consultum</span> <span class='ocrx_word' id='word_1_270' title='bbox 1857 3483 2097 3553; x_wconf 90' lang='lat' dir='ltr'>optume</span> <span class='ocrx_word' id='word_1_271' title='bbox 2126 3470 2266 3529; x_wconf 89' lang='lat' dir='ltr'>velit</span> <span class='ocrx_word' id='word_1_272' title='bbox 2292 3487 2460 3528; x_wconf 88' lang='lat' dir='ltr'>esse:</span> 
     </span>
    </p>
   </div>
   <div class='ocr_carea' id='block_1_13' title="bbox 334 3597 2540 4258">
    <p class='ocr_par' dir='ltr' id='par_1_14' title="bbox 334 3597 2540 4258">
     <span class='ocr_line' id='line_1_30' title="bbox 338 3597 2540 3686; baseline -0.003 -26"><span class='ocrx_word' id='word_1_273' title='bbox 338 3612 399 3662; x_wconf 89' lang='lat' dir='ltr'>et</span> <span class='ocrx_word' id='word_1_274' title='bbox 423 3603 483 3661; x_wconf 86' lang='lat' dir='ltr'>in</span> <span class='ocrx_word' id='word_1_275' title='bbox 513 3603 585 3663; x_wconf 90' lang='lat' dir='ltr'>iis</span> <span class='ocrx_word' id='word_1_276' title='bbox 611 3604 757 3684; x_wconf 90' lang='lat' dir='ltr'>ipsis</span> <span class='ocrx_word' id='word_1_277' title='bbox 786 3605 936 3666; x_wconf 89' lang='lat' dir='ltr'>locis</span> <span class='ocrx_word' id='word_1_278' title='bbox 964 3606 1152 3667; x_wconf 89' lang='lat' dir='ltr'>multo</span> <span class='ocrx_word' id='word_1_279' title='bbox 1180 3607 1384 3686; x_wconf 88' lang='lat' dir='ltr'>majori</span> <span class='ocrx_word' id='word_1_280' title='bbox 1410 3627 1654 3668; x_wconf 89' lang='lat' dir='ltr'>numero</span> <span class='ocrx_word' id='word_1_281' title='bbox 1680 3602 2158 3666; x_wconf 88' lang='lat' dir='ltr'>catalecticorum</span> <span class='ocrx_word' id='word_1_282' title='bbox 2181 3616 2410 3675; x_wconf 89' lang='lat' dir='ltr'>semper</span> <span class='ocrx_word' id='word_1_283' title='bbox 2435 3597 2540 3654; x_wconf 81' lang='lat' dir='ltr'>im-</span> 
     </span>
     <span class='ocr_line' id='line_1_31' title="bbox 342 3694 2539 3781; baseline -0.003 -25"><span class='ocrx_word' id='word_1_284' title='bbox 342 3698 686 3760; x_wconf 85' lang='lat' dir='ltr'>miscentur.</span> <span class='ocrx_word' id='word_1_285' title='bbox 770 3702 847 3760; x_wconf 89' lang='lat' dir='ltr'>Et</span> <span class='ocrx_word' id='word_1_286' title='bbox 888 3711 1048 3762; x_wconf 89' lang='lat' dir='ltr'>certe</span> <span class='ocrx_word' id='word_1_287' title='bbox 1084 3703 1426 3762; x_wconf 87' lang='lat' dir='ltr'>felicissima</span> <span class='ocrx_word' id='word_1_288' title='bbox 1461 3702 1683 3781; x_wconf 90' lang='lat' dir='ltr'>ubique</span> <span class='ocrx_word' id='word_1_289' title='bbox 1714 3708 1837 3759; x_wconf 88' lang='lat' dir='ltr'>arte</span> <span class='ocrx_word' id='word_1_290' title='bbox 1867 3698 1924 3757; x_wconf 89' lang='lat' dir='ltr'>id</span> <span class='ocrx_word' id='word_1_291' title='bbox 1954 3698 2077 3774; x_wconf 86' lang='lat' dir='ltr'>agit</span> <span class='ocrx_word' id='word_1_292' title='bbox 2103 3694 2311 3764; x_wconf 72' lang='lat' dir='ltr'>Poeta,</span> <span class='ocrx_word' id='word_1_293' title='bbox 2353 3700 2421 3749; x_wconf 95' lang='lat' dir='ltr'>ut</span> <span class='ocrx_word' id='word_1_294' title='bbox 2448 3711 2539 3750; x_wconf 77' lang='lat' dir='ltr'>re-</span> 
     </span>
     <span class='ocr_line' id='line_1_32' title="bbox 342 3786 2537 3875; baseline -0.004 -21"><span class='ocrx_word' id='word_1_295' title='bbox 342 3813 468 3854; x_wconf 89' lang='lat' dir='ltr'>rum</span> <span class='ocrx_word' id='word_1_296' title='bbox 519 3814 656 3874; x_wconf 89' lang='lat' dir='ltr'>quae</span> <span class='ocrx_word' id='word_1_297' title='bbox 706 3806 966 3874; x_wconf 86' lang='lat' dir='ltr'>aguntur</span> <span class='ocrx_word' id='word_1_298' title='bbox 1015 3799 1313 3857; x_wconf 88' lang='lat' dir='ltr'>turbatam</span> <span class='ocrx_word' id='word_1_299' title='bbox 1361 3800 1454 3857; x_wconf 90' lang='lat' dir='ltr'>vel</span> <span class='ocrx_word' id='word_1_300' title='bbox 1502 3795 1880 3875; x_wconf 83' lang='lat' dir='ltr'>tranquillam</span> <span class='ocrx_word' id='word_1_301' title='bbox 1929 3791 2213 3850; x_wconf 83' lang='lat' dir='ltr'>rationem</span> <span class='ocrx_word' id='word_1_302' title='bbox 2262 3786 2537 3848; x_wconf 81' lang='lat' dir='ltr'>carminis</span> 
     </span>
     <span class='ocr_line' id='line_1_33' title="bbox 334 3882 2538 3972; baseline -0.005 -23"><span class='ocrx_word' id='word_1_303' title='bbox 334 3890 520 3949; x_wconf 80' lang='lat' dir='ltr'>etiam</span> <span class='ocrx_word' id='word_1_304' title='bbox 547 3890 696 3950; x_wconf 90' lang='lat' dir='ltr'>ratio</span> <span class='ocrx_word' id='word_1_305' title='bbox 726 3891 976 3951; x_wconf 83' lang='lat' dir='ltr'>confusa</span> <span class='ocrx_word' id='word_1_306' title='bbox 1004 3893 1097 3951; x_wconf 83' lang='lat' dir='ltr'>vel</span> <span class='ocrx_word' id='word_1_307' title='bbox 1127 3892 1403 3972; x_wconf 85' lang='lat' dir='ltr'>expedita</span> <span class='ocrx_word' id='word_1_308' title='bbox 1430 3912 1658 3972; x_wconf 89' lang='lat' dir='ltr'>semper</span> <span class='ocrx_word' id='word_1_309' title='bbox 1685 3889 1972 3968; x_wconf 85' lang='lat' dir='ltr'>exprimat</span> <span class='ocrx_word' id='word_1_310' title='bbox 1996 3905 2012 3945; x_wconf 76' lang='lat' dir='ltr'><strong><em>z</em></strong></span> <span class='ocrx_word' id='word_1_311' title='bbox 2054 3883 2216 3962; x_wconf 91' lang='lat' dir='ltr'>quod</span> <span class='ocrx_word' id='word_1_312' title='bbox 2244 3883 2421 3943; x_wconf 86' lang='lat' dir='ltr'>etiam</span> <span class='ocrx_word' id='word_1_313' title='bbox 2448 3882 2538 3940; x_wconf 86' lang='lat' dir='ltr'>fa-</span> 
     </span>
     <span class='ocr_line' id='line_1_34' title="bbox 342 3979 2534 4069; baseline -0.003 -26"><span class='ocrx_word' id='word_1_314' title='bbox 342 3986 423 4043; x_wconf 89' lang='lat' dir='ltr'>cit</span> <span class='ocrx_word' id='word_1_315' title='bbox 449 3995 518 4045; x_wconf 88' lang='lat' dir='ltr'>ut</span> <span class='ocrx_word' id='word_1_316' title='bbox 542 3985 854 4064; x_wconf 86' lang='lat' dir='ltr'>plurimum</span> <span class='ocrx_word' id='word_1_317' title='bbox 884 3987 1205 4066; x_wconf 85' lang='lat' dir='ltr'>voluptatis</span> <span class='ocrx_word' id='word_1_318' title='bbox 1234 3989 1306 4048; x_wconf 91' lang='lat' dir='ltr'>iis</span> <span class='ocrx_word' id='word_1_319' title='bbox 1334 4008 1576 4069; x_wconf 87' lang='lat' dir='ltr'>prorsus</span> <span class='ocrx_word' id='word_1_320' title='bbox 1618 3995 1842 4065; x_wconf 89' lang='lat' dir='ltr'>pereat,</span> <span class='ocrx_word' id='word_1_321' title='bbox 1884 3981 1985 4061; x_wconf 89' lang='lat' dir='ltr'>qui</span> <span class='ocrx_word' id='word_1_322' title='bbox 2026 3979 2103 4039; x_wconf 89' lang='lat' dir='ltr'>ad</span> <span class='ocrx_word' id='word_1_323' title='bbox 2145 3980 2303 4038; x_wconf 91' lang='lat' dir='ltr'>hunc</span> <span class='ocrx_word' id='word_1_324' title='bbox 2329 3987 2534 4037; x_wconf 89' lang='lat' dir='ltr'>aucto-</span> 
     </span>
     <span class='ocr_line' id='line_1_35' title="bbox 345 4074 2536 4162; baseline -0.003 -20"><span class='ocrx_word' id='word_1_325' title='bbox 345 4099 459 4142; x_wconf 81' lang='lat' dir='ltr'>rem</span> <span class='ocrx_word' id='word_1_326' title='bbox 492 4081 813 4160; x_wconf 85' lang='lat' dir='ltr'>legendum</span> <span class='ocrx_word' id='word_1_327' title='bbox 843 4085 1118 4162; x_wconf 82' lang='lat' dir='ltr'>neglecta</span> <span class='ocrx_word' id='word_1_328' title='bbox 1143 4083 1238 4143; x_wconf 85' lang='lat' dir='ltr'>vel</span> <span class='ocrx_word' id='word_1_329' title='bbox 1285 4103 1407 4142; x_wconf 88' lang='lat' dir='ltr'>non</span> <span class='ocrx_word' id='word_1_330' title='bbox 1449 4082 1752 4142; x_wconf 89' lang='lat' dir='ltr'>intellecta</span> <span class='ocrx_word' id='word_1_331' title='bbox 1778 4078 1948 4137; x_wconf 87' lang='lat' dir='ltr'>metri</span> <span class='ocrx_word' id='word_1_332' title='bbox 1974 4077 2196 4135; x_wconf 87' lang='lat' dir='ltr'>ratione</span> <span class='ocrx_word' id='word_1_333' title='bbox 2224 4074 2536 4135; x_wconf 87' lang='lat' dir='ltr'>accedunt.</span> 
     </span>
     <span class='ocr_line' id='line_1_36' title="bbox 424 4172 2396 4258; baseline -0.003 -23"><span class='ocrx_word' id='word_1_334' title='bbox 424 4176 804 4238; x_wconf 87' lang='lat' dir='ltr'>Tetrametris</span> <span class='ocrx_word' id='word_1_335' title='bbox 832 4198 1258 4258; x_wconf 89' lang='lat' dir='ltr'>nonnunquam</span> <span class='ocrx_word' id='word_1_336' title='bbox 1287 4179 1649 4240; x_wconf 84' lang='lat' dir='ltr'>interseritur</span> <span class='ocrx_word' id='word_1_337' title='bbox 1670 4177 1915 4237; x_wconf 87' lang='lat' dir='ltr'>dimeter</span> <span class='ocrx_word' id='word_1_338' title='bbox 1941 4172 2225 4233; x_wconf 87' lang='lat' dir='ltr'>iambicus</span> <span class='ocrx_word' id='word_1_339' title='bbox 2253 4191 2268 4231; x_wconf 70' lang='grc' dir='ltr'>ε</span> <span class='ocrx_word' id='word_1_340' title='bbox 2311 4182 2396 4243; x_wconf 90' lang='lat' dir='ltr'>ut,</span> 
     </span>
    </p>
   </div>
  </div>
 </body>
</html>
