3050 4942
996 403 1093 452 ΒΕ
1145 402 1422 454 us'rms
1468 347 1790 452 comicis.
2364 381 2493 461 221

302 546 647 628 populasem
693 543 977 626 loquendi
1024 544 1510 606 consuetudinem
1563 545 1696 623 ipsa
1721 553 1978 625 *quoque
2023 547 2501 625 pronuntiatione

309 644 548 725 propius
589 642 919 704 accedant:
986 661 1163 721 quam
1229 641 1370 702 dum
1416 651 1858 714 consectantur,
1910 642 2245 721 longitudo*
2275 644 2377 705 illa
2426 663 2501 705 ex

304 742 764 814 consonantium
790 740 1083 821 positione
1113 747 1242 801 orta
1283 741 1501 799 frustra
1527 741 1598 799 iis
1627 742 1862 807 obstan
1906 740 1966 799 in
1997 741 2243 821 syllabae
2270 741 2503 822 quanti-

306 848 429 898 tate
459 838 813 899 aestimanda
841 837 918 897 ad
949 835 1167 897 vocalis
1191 837 1562 898 solummodo
1592 849 1884 908 naturam,
1910 842 2044 915 quse'
2073 837 2506 918 syllabaequasi

311 935 510 995 anima
536 946 652 1009 est,
678 934 1036 1014 respiciunt;
1081 935 1131 994 si
1162 954 1234 994 ea
1271 935 1466 994 brevis
1514 936 1610 1007 sit,
1656 936 1942 1014 syllabam
1971 954 2076 1014 pro
2115 935 2286 996 libitu
2327 936 2509 995 corti-

310 1030 502 1112 piunt.
589 1031 778 1111 quue
804 1050 923 1090 non
972 1031 1033 1091 in
1063 1031 1285 1091 ultimis
1329 1031 1508 1091 modo
1536 1032 1845 1091 verborum
1896 1030 2136 1106 syllabis
2175 1031 2509 1094 factitatum

314 1137 424 1200 est,
455 1127 565 1188 sed
591 1129 653 1188 in
692 1129 818 1190 aliis
846 1129 1022 1190 etiam
1051 1128 1380 1208 quibusvis,
1421 1128 1655 1200 mediis,
1683 1127 1906 1207 primiS,
1936 1127 2048 1186 nisi
2078 1136 2285 1190 contra
2312 1129 2511 1188 obstet

315 1236 599 1285 accentus
625 1247 641 1295 ;
687 1235 925 1288 acutum
951 1223 1116 1285 illum
1161 1224 1430 1305 intelligo
1472 1236 1757 1295 tenorem,
1784 1224 1885 1303 qui
1913 1225 1973 1282 in
1996 1224 2156 1284 omni
2184 1245 2326 1286 voce
2354 1245 2507 1285 unus

323 1329 434 1395 est,
465 1321 873 1403 syllabamque
901 1340 1080 1401 quam
1126 1321 1287 1381 acuit
1330 1341 1453 1401 proe
1481 1321 1692 1382 ceteris
1737 1320 2007 1394 intendit,
2046 1333 2107 1381 et
2147 1320 2514 1382 intendendo

319 1438 475 1481 verse
518 1418 651 1498 ejus
676 1418 992 1500 quantitati
1037 1417 1298 1499 aliquam
1343 1437 1558 1479 novam
1602 1415 1804 1486 addin
1865 1439 2001 1479 cum
2048 1419 2373 1482 intentione
2413 1418 2519 1478 illa

320 1515 509 1594 major
553 1516 920 1595 aliquantum
963 1534 1129 1576 mora
1175 1514 1236 1574 in
1281 1524 1458 1578 acuta
1494 1514 1940 1594 pronuntianda
1965 1514 2294 1575 insumatur
2311 1534 2334 1575 ε.
2369 1514 2519 1574 alias

319 1612 679 1692 positionem
705 1612 878 1672 facile
906 1611 1236 1691 negligunt,
1263 1613 1561 1693 praecipue
1587 1612 1825 1691 quidem
1853 1612 2012 1670 illam
2041 1632 2178 1691 quae
2214 1630 2289 1671 ex
2310 1610 2521 1672 eadem

323 1728 592 1772 consona
642 1709 942 1788 geminata
993 1708 1195 1783 oritur,
1245 1729 1380 1768 cum
1423 1709 1746 1789 antiquitus
1795 1707 2086 1788 ejusmodi
2132 1728 2310 1769 voces
2349 1708 2524 1769 litera

334 1805 603 1885 simplice
633 1806 868 1886 scriptae
899 1816 1136 1873 essent;
1181 1805 1320 1866 dein
1339 1803 1502 1868 illam
1530 1826 1663 1886 quoe
1690 1807 1758 1865 fit
1771 1826 1855 1865 ex
1881 1813 2043 1866 muta
2070 1815 2130 1866 et
2156 1804 2401 1885 liquida,
2420 1814 2525 1865 aut

327 1922 400 1961 ex
428 1902 733 1980 quibusvis
764 1902 895 1962 aliis
942 1904 1219 1964 consonis
1248 1923 1384 1983 quae
1429 1903 1491 1964 in
1518 1905 1681 1965 vocis
1728 1903 1895 1963 initio
1934 1903 2207 1964 connecti
2250 1911 2525 1983 possunt,

325 1998 495 2057 nulla
520 1999 710 2059 vocali
738 2000 1106 2083 interposita.
1190 1999 1312 2059 Sed
1340 2000 1631 2062 necintta
1655 2000 1766 2060 hos
1794 2000 1943 2060 fines
1973 2019 2039 2059 se
2066 2000 2523 2066 continuerunt:

328 2115 723 2175 quaecumque
771 2118 1054 2159 consonae
1080 2100 1319 2157 brevem
1344 2096 1611 2157 vocalem
1658 2096 1974 2176 excipiant,
2017 2096 2144 2156 sive
2189 2097 2252 2156 in
2296 2095 2528 2168 eadem,

328 2193 451 2253 sive
481 2194 542 2253 in
572 2193 817 2254 diversis
845 2197 1111 2269 vocibus,
1141 2194 1572 2274 longitudinem
1599 2214 1736 2273 quae
1763 2192 1990 2254 ‹exinde
2020 2193 2266 2273 syllaboe
2301 2212 2530 2256 aeones-

329 2289 432 2361 cit,
481 2309 590 2368 pro
617 2289 803 2351 nihilo
832 2291 1075 2365 habent,
1103 2302 1185 2363 et,
1212 2291 1265 2352 si
1296 2311 1498 2351 versus
1540 2291 1626 2352 ita
1670 2291 1950 2371 postulet,
1988 2289 2150 2352 illico
2176 2289 2530 2369 corripiunt:

332 2384 531 2457 immo,
577 2385 740 2463 quod
791 2387 982 2466 magis
1026 2387 1252 2460 mirere,
1307 2387 1539 2448 malunt
1582 2386 1697 2448 hac
1748 2386 2103 2467 corripiendi
2143 2387 2387 2450 licentia
2428 2386 2533 2456 uti,

335 2479 571 2539 etiamsi
597 2479 774 2541 facile
803 2484 878 2541 ab
908 2501 980 2543 ea
1023 2501 1234 2548 cavere
1281 2484 1638 2563 potuissent,
1675 2502 1855 2563 quam
1882 2502 2088 2543 vocem
2133 2482 2534 2564 dissyllabam,

336 2574 509 2654 cujus
534 2577 723 2656 prima
748 2578 943 2639 brevis
974 2587 1087 2650 est,
1135 2578 1196 2638 in
1226 2577 1490 2639 diversos
1538 2577 1724 2659 pedes
1756 2578 2102 2653 distrahere,
2152 2597 2287 2638 cum
2314 2579 2534 2656 crebrae

336 2690 582 2733 caesurae
638 2675 960 2735 orationem
1012 2675 1184 2736 nimis
1232 2675 1587 2753 exquisitam
1634 2683 1697 2733 et
1731 2674 2112 2749 elaboratam,
2161 2689 2537 2736 numerosam

338 2769 508 2828 nimis
537 2780 598 2829 et
628 2790 664 2829 a
691 2770 951 2851 pedestri
979 2791 1248 2832 sermone
1275 2781 1559 2831 remotam
1586 2771 1827 2831 faciant.

420 2865 601 2935 Quod
630 2867 862 2928 videtur
888 2869 1069 2930 etiam
1095 2868 1156 2928 in
1185 2887 1369 2929 causa
1403 2857 1611 2942 fuisse,
1637 2887 1743 2928 cur
1768 2868 1942 2928 toties
1971 2866 2243 2939 creticos,
2271 2868 2540 2945 quamvis

342 2982 461 3022 uno
491 2972 759 3044 tempore
778 2965 946 3045 justo
973 2966 1294 3046 longiores,
1343 2965 1796 3027 ditrochoeorum
1843 2974 2041 3047 partes
2072 2964 2335 3024 fecerint..
2407 2964 2542 3024 Hoc

342 3059 495 3119 enim
520 3079 934 3139 saepenumero
964 3063 1037 3122 ab
1066 3061 1137 3121 iis
1163 3064 1387 3123 factum
1416 3062 1608 3143 quivis
1649 3063 1825 3124 facile
1857 3062 2098 3131 viderit3
2143 3061 2252 3123 sed
2292 3060 2542 3122 creticos

345 3166 642 3234 quatenus
668 3158 918 3218 creticos
948 3178 1065 3218 non
1095 3171 1464 3239 receperunt,
1508 3181 1644 3221 cum
1674 3161 1788 3220 iste
1832 3180 1939 3240 pes
1992 3162 2067 3219 ab
2110 3159 2203 3219 his
2228 3158 2544 3237 generibus

345 3253 588 3312 omnino
629 3254 975 3315 abhorreat:
1016 3255 1126 3315 hos
1160 3257 1338 3336 igitur
1364 3258 1569 3337 pedes,
1618 3258 1759 3318 licet
1785 3277 1985 3318 revera
2011 3257 2283 3329 creticos,
2313 3275 2384 3316 ac
2413 3273 2547 3334 pro-

345 3346 485 3407 inde
516 3349 778 3429 quinque
807 3361 1154 3430 temporum,
1182 3353 1449 3415 versibus
1480 3355 1604 3415 suis
1634 3354 1969 3416 immiscent
1995 3352 2252 3431 quidem,
2299 3352 2405 3413 sed
2436 3353 2546 3411 sub

348 3444 466 3504 alia
494 3446 757 3523 quadam
785 3449 1014 3528 specie;
1066 3469 1225 3510 nune
1272 3451 1478 3530 utique
1505 3450 1750 3531 dactyli,
1801 3470 1962 3511 nuno
2009 3450 2319 3529 anapaesti,
2355 3449 2550 3527 prima

353 3541 583 3602 scilicet
623 3543 716 3602 vel
764 3545 970 3606 ultima
1019 3565 1130 3625 pro
1174 3557 1454 3627 ‘correpta
1505 3548 1731 3621 habita,
1780 3567 1942 3608 nunc
1996 3545 2285 3626 spondaei,
2320 3544 2552 3606 ‚extrita

352 3636 548 3696 media
575 3638 788 3712 vocali,
815 3640 1005 3700 vicem
1034 3643 1349 3702 sustinent.
1431 3642 1777 3704 Maluerunt
1799 3642 2032 3706 seilicet
2061 3640 2360 3722 prosodiae
2385 3640 2549 3718 leges

357 3731 723 3811 aliquantum
746 3732 988 3809 violare,
1014 3757 1193 3816 quam
1222 3758 1260 3797 a
1308 3739 1595 3799 sermonis
1623 3747 1923 3802 naturast
1954 3736 2375 3817 pronuntiandi
2391 3756 2547 3802 :coa-

357 3829 671 3890 suetudine
700 3830 944 3894 nimium
970 3834 1282 3904 recedere;
1344 3856 1476 3898 cum
1506 3836 1639 3896 istis
1666 3836 1895 3914 legibus
1924 3836 2170 3914 obsequi
2218 3847 2355 3896 none
2376 3842 2553 3913 potu-

360 3924 532 3994 erint,
564 3925 680 3986 nisi
707 3929 1199 3992 crebris-caesnris
1236 3941 1561 4005 uterentur,
1590 3943 1654 3992 et
1677 3932 1984 3996 verborum
2020 3932 2301 3994 creticum
2333 3930 2555 4009 *pedem

364 4021 846 4084 constituentium
876 4026 1110 4087 ultimas
1142 4026 1400 4107 syllabas
1429 4049 1465 4088 a
1489 4028 1779 4108 prioribus
1822 4027 2146 4108 saepissime
2192 4027 2556 4088 divellerent·

369 4115 500 4176 Hoc
528 4128 728 4179 autem
757 4139 876 4188 non
904 4121 1084 4186 modo
1112 4123 1172 4183 in
1202 4123 1451 4203 singulis
1479 4123 1693 4197 verbis,
1721 4143 1857 4186 cum
1877 4124 2106 4206 cretico
2133 4142 2308 4203 pates
2335 4138 2558 4196 essent,

370 4210 591 4276 factum
615 4226 728 4289 est,
759 4216 1055 4301 sedsaepe
1080 4218 1419 4282 etiam.cum
1455 4219 1594 4284 duoe
1620 4238 1795 4284 voces
1809 4220 1901 4284 ad
1928 4220 2141 4302 pedem
2167 4221 2347 4284 istum
2374 4221 2556 4286 effici-
