<?xml version="1.0" encoding="UTF-8"?>
<!DOCTYPE html PUBLIC "-//W3C//DTD XHTML 1.0 Transitional//EN"
    "http://www.w3.org/TR/xhtml1/DTD/xhtml1-transitional.dtd">
<html xmlns="http://www.w3.org/1999/xhtml" xml:lang="en" lang="en">
 <head>
  <title>
</title>
<meta http-equiv="Content-Type" content="text/html;charset=utf-8" />
  <meta name='ocr-system' content='tesseract 3.04.00' />
  <meta name='ocr-capabilities' content='ocr_page ocr_carea ocr_par ocr_line ocrx_word'/>
</head>
<body>
  <div class='ocr_page' id='page_1' title='image "./comoedisex00unkngoog_0457.png"; bbox 0 0 3050 4942; ppageno 0'>
   <div class='ocr_carea' id='block_1_1' title="bbox 912 362 2479 428">
    <p class='ocr_par' dir='ltr' id='par_1_1' title="bbox 912 362 2479 428">
     <span class='ocr_line' id='line_1_1' title="bbox 912 362 2479 428; baseline 0.001 -3"><span class='ocrx_word' id='word_1_1' title='bbox 912 377 1253 428; x_wconf 64' lang='lat' dir='ltr'><strong>nortuum</strong></span> <span class='ocrx_word' id='word_1_2' title='bbox 1289 377 1458 427; x_wconf 71' lang='grc' dir='ltr'><strong>Αοτ.</strong></span> <span class='ocrx_word' id='word_1_3' title='bbox 1490 377 1600 426; x_wconf 89' lang='grc' dir='ltr'><strong>ιιι.</strong></span> <span class='ocrx_word' id='word_1_4' title='bbox 1648 378 1752 426; x_wconf 78' lang='lat' dir='ltr'><strong>sc,</strong></span> <span class='ocrx_word' id='word_1_5' title='bbox 1783 378 1833 424; x_wconf 87' lang='lat'><strong>1.</strong></span> <span class='ocrx_word' id='word_1_6' title='bbox 2350 362 2479 426; x_wconf 82' lang='grc'><strong>447</strong></span> 
     </span>
    </p>
   </div>
   <div class='ocr_carea' id='block_1_2' title="bbox 285 510 2483 1306">
    <p class='ocr_par' dir='ltr' id='par_1_2' title="bbox 286 510 2474 684">
     <span class='ocr_line' id='line_1_2' title="bbox 286 510 2474 601; baseline -0.001 -18"><span class='ocrx_word' id='word_1_7' title='bbox 286 514 635 601; x_wconf 84' lang='lat' dir='ltr'>Numquid</span> <span class='ocrx_word' id='word_1_8' title='bbox 667 516 793 581; x_wconf 87' lang='lat' dir='ltr'><strong>tibi</strong></span> <span class='ocrx_word' id='word_1_9' title='bbox 825 513 1017 584; x_wconf 66' lang='lat' dir='ltr'><strong>dixi?</strong></span> <span class='ocrx_word' id='word_1_10' title='bbox 1105 514 1250 583; x_wconf 77' lang='lat' dir='ltr'><strong>GN.</strong></span> <span class='ocrx_word' id='word_1_11' title='bbox 1297 510 1701 600; x_wconf 83' lang='lat' dir='ltr'><strong>Nunquam:</strong></span> <span class='ocrx_word' id='word_1_12' title='bbox 1749 510 1870 581; x_wconf 89' lang='lat' dir='ltr'><strong>sed</strong></span> <span class='ocrx_word' id='word_1_13' title='bbox 1915 534 2126 594; x_wconf 85' lang='lat' dir='ltr'><strong>narra,</strong></span> <span class='ocrx_word' id='word_1_14' title='bbox 2170 515 2474 581; x_wconf 85' lang='lat' dir='ltr'><strong>obsecro.</strong></span> 
     </span>
     <span class='ocr_line' id='line_1_3' title="bbox 289 617 1880 684; baseline 0.001 -2"><span class='ocrx_word' id='word_1_15' title='bbox 289 618 461 682; x_wconf 87' lang='lat' dir='ltr'><strong>Plus</strong></span> <span class='ocrx_word' id='word_1_16' title='bbox 487 618 730 682; x_wconf 87' lang='lat' dir='ltr'><strong>millies</strong></span> <span class='ocrx_word' id='word_1_17' title='bbox 758 617 1004 684; x_wconf 84' lang='lat' dir='ltr'><strong>audivi.</strong></span> <span class='ocrx_word' id='word_1_18' title='bbox 1092 618 1230 682; x_wconf 85' lang='grc' dir='ltr'><strong>ΤΗ.</strong></span> <span class='ocrx_word' id='word_1_19' title='bbox 1278 617 1435 683; x_wconf 89' lang='lat' dir='ltr'><strong>Una</strong></span> <span class='ocrx_word' id='word_1_20' title='bbox 1464 618 1534 681; x_wconf 90' lang='lat' dir='ltr'><strong>in</strong></span> <span class='ocrx_word' id='word_1_21' title='bbox 1571 618 1880 683; x_wconf 88' lang='lat' dir='ltr'><strong>convivio</strong></span> 
     </span>
    </p>

    <p class='ocr_par' dir='ltr' id='par_1_3' title="bbox 285 719 1988 805">
     <span class='ocr_line' id='line_1_4' title="bbox 285 719 1988 805; baseline -0.004 -16"><span class='ocrx_word' id='word_1_22' title='bbox 285 721 448 789; x_wconf 83' lang='lat' dir='ltr'><strong>Erat</strong></span> <span class='ocrx_word' id='word_1_23' title='bbox 473 721 606 798; x_wconf 86' lang='lat' dir='ltr'><strong>hic,</strong></span> <span class='ocrx_word' id='word_1_24' title='bbox 636 740 839 805; x_wconf 90' lang='lat' dir='ltr'><strong>quem</strong></span> <span class='ocrx_word' id='word_1_25' title='bbox 865 719 1042 798; x_wconf 88' lang='lat' dir='ltr'><strong>dico,</strong></span> <span class='ocrx_word' id='word_1_26' title='bbox 1071 720 1385 785; x_wconf 86' lang='lat' dir='ltr'><strong>Rhodius</strong></span> <span class='ocrx_word' id='word_1_27' title='bbox 1419 721 1988 786; x_wconf 76' lang='lat' dir='ltr'><strong>adolescentulus,</strong></span> 
     </span>
    </p>

    <p class='ocr_par' dir='ltr' id='par_1_4' title="bbox 288 822 1920 907">
     <span class='ocr_line' id='line_1_5' title="bbox 288 822 1920 907; baseline 0 -20"><span class='ocrx_word' id='word_1_28' title='bbox 288 822 494 887; x_wconf 80' lang='lat' dir='ltr'><strong>Forte</strong></span> <span class='ocrx_word' id='word_1_29' title='bbox 518 823 725 888; x_wconf 87' lang='lat' dir='ltr'><strong>habui</strong></span> <span class='ocrx_word' id='word_1_30' title='bbox 755 829 1091 888; x_wconf 80' lang='lat' dir='ltr'><strong>scortum:</strong></span> <span class='ocrx_word' id='word_1_31' title='bbox 1136 822 1349 907; x_wconf 84' lang='lat' dir='ltr'><strong>coepit</strong></span> <span class='ocrx_word' id='word_1_32' title='bbox 1378 822 1464 887; x_wconf 84' lang='lat' dir='ltr'><strong>ad</strong></span> <span class='ocrx_word' id='word_1_33' title='bbox 1495 824 1565 887; x_wconf 89' lang='lat' dir='ltr'><strong>id</strong></span> <span class='ocrx_word' id='word_1_34' title='bbox 1598 822 1920 901; x_wconf 82' lang='lat' dir='ltr'><strong>alludere,</strong></span> 
     </span>
    </p>

    <p class='ocr_par' dir='ltr' id='par_1_5' title="bbox 285 921 2483 1306">
     <span class='ocr_line' id='line_1_6' title="bbox 286 921 2483 1009; baseline 0 -21"><span class='ocrx_word' id='word_1_35' title='bbox 286 923 381 988; x_wconf 88' lang='lat' dir='ltr'><strong>Et</strong></span> <span class='ocrx_word' id='word_1_36' title='bbox 417 944 524 988; x_wconf 90' lang='lat' dir='ltr'><strong>me</strong></span> <span class='ocrx_word' id='word_1_37' title='bbox 551 923 839 988; x_wconf 86' lang='lat' dir='ltr'><strong>irridere.</strong></span> <span class='ocrx_word' id='word_1_38' title='bbox 926 921 1113 1003; x_wconf 82' lang='lat' dir='ltr'><strong>Quid</strong></span> <span class='ocrx_word' id='word_1_39' title='bbox 1147 925 1317 1005; x_wconf 85' lang='lat' dir='ltr'><strong>agis,</strong></span> <span class='ocrx_word' id='word_1_40' title='bbox 1346 925 1641 1009; x_wconf 85' lang='lat' dir='ltr'><strong>inquam,</strong></span> <span class='ocrx_word' id='word_1_41' title='bbox 1672 925 1871 990; x_wconf 91' lang='lat' dir='ltr'><strong>homo</strong></span> <span class='ocrx_word' id='word_1_42' title='bbox 1902 924 2253 1008; x_wconf 89' lang='lat' dir='ltr'><strong>impudens</strong></span> <span class='ocrx_word' id='word_1_43' title='bbox 2275 925 2306 989; x_wconf 71' lang='lat' dir='ltr'><strong>&#39;t</strong></span> <span class='ocrx_word' id='word_1_44' title='bbox 2392 924 2483 989; x_wconf 82' lang='lat'><strong>35</strong></span> 
     </span>
     <span class='ocr_line' id='line_1_7' title="bbox 285 1025 2483 1111; baseline 0 -21"><span class='ocrx_word' id='word_1_45' title='bbox 285 1025 513 1109; x_wconf 86' lang='lat' dir='ltr'><strong>Lepus</strong></span> <span class='ocrx_word' id='word_1_46' title='bbox 542 1031 678 1090; x_wconf 88' lang='lat' dir='ltr'><strong>tute</strong></span> <span class='ocrx_word' id='word_1_47' title='bbox 709 1046 810 1104; x_wconf 68' lang='grc' dir='ltr'><strong>οε,</strong></span> <span class='ocrx_word' id='word_1_48' title='bbox 840 1030 906 1092; x_wconf 89' lang='lat' dir='ltr'><strong>et</strong></span> <span class='ocrx_word' id='word_1_49' title='bbox 937 1026 1446 1111; x_wconf 85' lang='lat' dir='ltr'><strong>pulpamentum</strong></span> <span class='ocrx_word' id='word_1_50' title='bbox 1474 1028 1724 1111; x_wconf 80' lang='lat' dir='ltr'><strong>quaeris</strong></span> <span class='ocrx_word' id='word_1_51' title='bbox 1746 1029 1777 1092; x_wconf 74' lang='grc' dir='ltr'><strong><em>Ἰ</em></strong></span> <span class='ocrx_word' id='word_1_52' title='bbox 1867 1027 2010 1092; x_wconf 78' lang='lat' dir='ltr'><strong>GN.</strong></span> <span class='ocrx_word' id='word_1_53' title='bbox 2058 1027 2199 1104; x_wconf 84' lang='lat' dir='ltr'><strong>Ha,</strong></span> <span class='ocrx_word' id='word_1_54' title='bbox 2228 1026 2336 1103; x_wconf 83' lang='lat' dir='ltr'><strong>ha,</strong></span> <span class='ocrx_word' id='word_1_55' title='bbox 2362 1027 2483 1091; x_wconf 88' lang='lat' dir='ltr'><strong>he!</strong></span> 
     </span>
     <span class='ocr_line' id='line_1_8' title="bbox 285 1124 2395 1213; baseline 0.001 -24"><span class='ocrx_word' id='word_1_56' title='bbox 285 1125 427 1189; x_wconf 82' lang='grc' dir='ltr'><strong>ΤΗ.</strong></span> <span class='ocrx_word' id='word_1_57' title='bbox 475 1124 656 1203; x_wconf 83' lang='lat' dir='ltr'>Quid</span> <span class='ocrx_word' id='word_1_58' title='bbox 688 1127 836 1191; x_wconf 71' lang='lat' dir='ltr'><strong>est?</strong></span> <span class='ocrx_word' id='word_1_59' title='bbox 927 1126 1070 1192; x_wconf 76' lang='lat' dir='ltr'><strong>GN.</strong></span> <span class='ocrx_word' id='word_1_60' title='bbox 1117 1128 1396 1207; x_wconf 84' lang='lat' dir='ltr'><strong>Facete,</strong></span> <span class='ocrx_word' id='word_1_61' title='bbox 1424 1129 1682 1213; x_wconf 85' lang='lat' dir='ltr'><strong>lapide,</strong></span> <span class='ocrx_word' id='word_1_62' title='bbox 1711 1129 1930 1195; x_wconf 86' lang='lat' dir='ltr'><strong>laute:</strong></span> <span class='ocrx_word' id='word_1_63' title='bbox 1976 1129 2146 1193; x_wconf 87' lang='lat' dir='ltr'><strong>nihil</strong></span> <span class='ocrx_word' id='word_1_64' title='bbox 2172 1148 2395 1212; x_wconf 84' lang='lat' dir='ltr'><strong>supra.</strong></span> 
     </span>
     <span class='ocr_line' id='line_1_9' title="bbox 285 1224 2225 1306; baseline 0.003 -15"><span class='ocrx_word' id='word_1_65' title='bbox 285 1224 616 1306; x_wconf 85' lang='lat' dir='ltr'><strong>Tuumne,</strong></span> <span class='ocrx_word' id='word_1_66' title='bbox 650 1229 934 1294; x_wconf 87' lang='lat' dir='ltr'><strong>obsecro</strong></span> <span class='ocrx_word' id='word_1_67' title='bbox 962 1233 1050 1305; x_wconf 87' lang='lat' dir='ltr'><strong>te,</strong></span> <span class='ocrx_word' id='word_1_68' title='bbox 1077 1229 1205 1294; x_wconf 86' lang='lat' dir='ltr'><strong>hoc</strong></span> <span class='ocrx_word' id='word_1_69' title='bbox 1233 1229 1482 1295; x_wconf 86' lang='lat' dir='ltr'><strong>dictum</strong></span> <span class='ocrx_word' id='word_1_70' title='bbox 1510 1232 1701 1296; x_wconf 67' lang='lat' dir='ltr'><strong>erat?</strong></span> <span class='ocrx_word' id='word_1_71' title='bbox 1737 1237 1928 1296; x_wconf 87' lang='lat' dir='ltr'><strong>vetus</strong></span> <span class='ocrx_word' id='word_1_72' title='bbox 1955 1230 2225 1296; x_wconf 89' lang='lat' dir='ltr'><strong>credidi.</strong></span> 
     </span>
    </p>
   </div>
   <div class='ocr_carea' id='block_1_3' title="bbox 284 1411 2491 1866">
    <p class='ocr_par' dir='ltr' id='par_1_6' title="bbox 284 1411 2491 1866">
     <span class='ocr_line' id='line_1_10' title="bbox 284 1411 2491 1479; baseline -0 -17"><span class='ocrx_word' id='word_1_73' title='bbox 284 1411 515 1462; x_wconf 65' lang='lat' dir='ltr'><strong>amvi?</strong></span> <span class='ocrx_word' id='word_1_74' title='bbox 580 1413 687 1463; x_wconf 70' lang='lat' dir='ltr'><strong>GN.</strong></span> <span class='ocrx_word' id='word_1_75' title='bbox 726 1413 1003 1478; x_wconf 73' lang='lat' dir='ltr'><strong>Nunquam:</strong></span> <span class='ocrx_word' id='word_1_76' title='bbox 1034 1417 1116 1465; x_wconf 80' lang='lat' dir='ltr'><strong>sed</strong></span> <span class='ocrx_word' id='word_1_77' title='bbox 1137 1415 1278 1476; x_wconf 72' lang='lat' dir='ltr'><strong>refer,</strong></span> <span class='ocrx_word' id='word_1_78' title='bbox 1298 1431 1471 1479; x_wconf 74' lang='lat' dir='ltr'><strong>qua-so.</strong></span> <span class='ocrx_word' id='word_1_79' title='bbox 1539 1416 1661 1466; x_wconf 79' lang='lat' dir='ltr'><strong>Plus</strong></span> <span class='ocrx_word' id='word_1_80' title='bbox 1680 1416 1849 1465; x_wconf 77' lang='lat' dir='ltr'><strong>millies</strong></span> <span class='ocrx_word' id='word_1_81' title='bbox 1872 1415 1979 1477; x_wconf 76' lang='lat' dir='ltr'><strong>jam</strong></span> <span class='ocrx_word' id='word_1_82' title='bbox 1998 1414 2175 1464; x_wconf 79' lang='lat' dir='ltr'><strong>audivi.</strong></span> <span class='ocrx_word' id='word_1_83' title='bbox 2241 1414 2345 1462; x_wconf 80' lang='grc' dir='ltr'><strong>ΤΗ.</strong></span> <span class='ocrx_word' id='word_1_84' title='bbox 2368 1411 2491 1476; x_wconf 72' lang='lat' dir='ltr'><strong>Hic,</strong></span> 
     </span>
     <span class='ocr_line' id='line_1_11' title="bbox 284 1477 2488 1543; baseline -0 -17"><span class='ocrx_word' id='word_1_85' title='bbox 284 1488 425 1540; x_wconf 75' lang='lat' dir='ltr'><strong>quem</strong></span> <span class='ocrx_word' id='word_1_86' title='bbox 444 1477 564 1536; x_wconf 80' lang='lat' dir='ltr'><strong>dico,</strong></span> <span class='ocrx_word' id='word_1_87' title='bbox 586 1477 799 1527; x_wconf 73' lang='lat' dir='ltr'><strong>Rhodius</strong></span> <span class='ocrx_word' id='word_1_88' title='bbox 827 1494 921 1528; x_wconf 79' lang='lat' dir='ltr'><strong>uua</strong></span> <span class='ocrx_word' id='word_1_89' title='bbox 939 1479 1148 1542; x_wconf 80' lang='lat' dir='ltr'><strong>capiebat</strong></span> <span class='ocrx_word' id='word_1_90' title='bbox 1175 1480 1328 1529; x_wconf 78' lang='lat' dir='ltr'><strong>cibum</strong></span> <span class='ocrx_word' id='word_1_91' title='bbox 1347 1481 1398 1530; x_wconf 80' lang='lat' dir='ltr'><strong>in</strong></span> <span class='ocrx_word' id='word_1_92' title='bbox 1420 1481 1646 1530; x_wconf 77' lang='lat' dir='ltr'><strong>convivio.</strong></span> <span class='ocrx_word' id='word_1_93' title='bbox 1715 1481 1857 1530; x_wconf 80' lang='lat' dir='ltr'><strong><em>Forte</em></strong></span> <span class='ocrx_word' id='word_1_94' title='bbox 1876 1482 2185 1543; x_wconf 71' lang='lat' dir='ltr'><strong>adjtmxeram</strong></span> <span class='ocrx_word' id='word_1_95' title='bbox 2206 1478 2323 1528; x_wconf 65' lang='lat' dir='ltr'><strong>milui</strong></span> <span class='ocrx_word' id='word_1_96' title='bbox 2344 1492 2488 1526; x_wconf 84' lang='lat' dir='ltr'><strong>mere·</strong></span> 
     </span>
     <span class='ocr_line' id='line_1_12' title="bbox 285 1541 2489 1605; baseline 0 -16"><span class='ocrx_word' id='word_1_97' title='bbox 285 1541 485 1590; x_wconf 77' lang='lat' dir='ltr'><strong>tricem:</strong></span> <span class='ocrx_word' id='word_1_98' title='bbox 516 1542 652 1605; x_wconf 84' lang='lat' dir='ltr'><strong>coepit</strong></span> <span class='ocrx_word' id='word_1_99' title='bbox 671 1542 751 1591; x_wconf 79' lang='lat' dir='ltr'><strong>ille</strong></span> <span class='ocrx_word' id='word_1_100' title='bbox 774 1542 989 1593; x_wconf 72' lang='lat' dir='ltr'><strong>Rhodius</strong></span> <span class='ocrx_word' id='word_1_101' title='bbox 1010 1545 1373 1595; x_wconf 65' lang='lat' dir='ltr'><strong>adolescentulam</strong></span> <span class='ocrx_word' id='word_1_102' title='bbox 1407 1545 1453 1596; x_wconf 82' lang='lat' dir='ltr'><strong>ei</strong></span> <span class='ocrx_word' id='word_1_103' title='bbox 1481 1547 1694 1595; x_wconf 77' lang='lat' dir='ltr'><strong>alludens</strong></span> <span class='ocrx_word' id='word_1_104' title='bbox 1725 1545 1929 1594; x_wconf 61' lang='lat' dir='ltr'><strong>blnda-i</strong></span> <span class='ocrx_word' id='word_1_105' title='bbox 1958 1551 2008 1595; x_wconf 81' lang='lat' dir='ltr'><strong>et</strong></span> <span class='ocrx_word' id='word_1_106' title='bbox 2037 1559 2111 1593; x_wconf 85' lang='lat' dir='ltr'><strong>me</strong></span> <span class='ocrx_word' id='word_1_107' title='bbox 2132 1543 2253 1593; x_wconf 73' lang='lat' dir='ltr'><strong>risui</strong></span> <span class='ocrx_word' id='word_1_108' title='bbox 2285 1542 2451 1591; x_wconf 77' lang='lat' dir='ltr'><strong>habere</strong></span> <span class='ocrx_word' id='word_1_109' title='bbox 2470 1557 2489 1590; x_wconf 87' lang='grc'><strong>.·</strong></span> 
     </span>
     <span class='ocr_line' id='line_1_13' title="bbox 290 1606 2488 1674; baseline -0.001 -17"><span class='ocrx_word' id='word_1_110' title='bbox 290 1606 535 1666; x_wconf 73' lang='lat' dir='ltr'><strong>Quidais,</strong></span> <span class='ocrx_word' id='word_1_111' title='bbox 555 1606 912 1669; x_wconf 58' lang='lat' dir='ltr'><strong>immitam</strong></span> <span class='ocrx_word' id='word_1_112' title='bbox 942 1607 1219 1672; x_wconf 75' lang='lat' dir='ltr'><strong>impudens?</strong></span> <span class='ocrx_word' id='word_1_113' title='bbox 1255 1611 1349 1670; x_wconf 81' lang='grc' dir='ltr'><strong>Τιι,</strong></span> <span class='ocrx_word' id='word_1_114' title='bbox 1377 1625 1481 1660; x_wconf 81' lang='lat' dir='ltr'><strong>cum</strong></span> <span class='ocrx_word' id='word_1_115' title='bbox 1517 1610 1615 1674; x_wconf 79' lang='lat' dir='ltr'><strong>ipse</strong></span> <span class='ocrx_word' id='word_1_116' title='bbox 1639 1611 1803 1673; x_wconf 78' lang='lat' dir='ltr'><strong>pra-da</strong></span> <span class='ocrx_word' id='word_1_117' title='bbox 1839 1611 1923 1671; x_wconf 81' lang='lat' dir='ltr'><strong>sis,</strong></span> <span class='ocrx_word' id='word_1_118' title='bbox 1955 1617 2002 1658; x_wconf 84' lang='lat' dir='ltr'><strong>et</strong></span> <span class='ocrx_word' id='word_1_119' title='bbox 2037 1609 2164 1657; x_wconf 81' lang='lat' dir='ltr'><strong>cibus</strong></span> <span class='ocrx_word' id='word_1_120' title='bbox 2204 1606 2488 1669; x_wconf 69' lang='lat' dir='ltr'><strong>exquisitus,</strong></span> 
     </span>
     <span class='ocr_line' id='line_1_14' title="bbox 284 1671 2485 1737; baseline -0 -18"><span class='ocrx_word' id='word_1_121' title='bbox 284 1671 496 1719; x_wconf 74' lang='lat' dir='ltr'><strong>alienum</strong></span> <span class='ocrx_word' id='word_1_122' title='bbox 515 1677 670 1720; x_wconf 75' lang='lat' dir='ltr'><strong>tamea</strong></span> <span class='ocrx_word' id='word_1_123' title='bbox 688 1672 839 1720; x_wconf 75' lang='lat' dir='ltr'><strong>cibum</strong></span> <span class='ocrx_word' id='word_1_124' title='bbox 867 1673 1095 1733; x_wconf 53' lang='lat' dir='ltr'><strong>sectarim</strong></span> <span class='ocrx_word' id='word_1_125' title='bbox 1133 1679 1183 1723; x_wconf 81' lang='lat' dir='ltr'><strong>et</strong></span> <span class='ocrx_word' id='word_1_126' title='bbox 1209 1673 1262 1723; x_wconf 81' lang='lat' dir='ltr'><strong>in</strong></span> <span class='ocrx_word' id='word_1_127' title='bbox 1298 1676 1444 1723; x_wconf 82' lang='lat' dir='ltr'><strong>altero</strong></span> <span class='ocrx_word' id='word_1_128' title='bbox 1463 1674 1653 1737; x_wconf 72' lang='lat' dir='ltr'><strong>amris,</strong></span> <span class='ocrx_word' id='word_1_129' title='bbox 1673 1676 1794 1737; x_wconf 78' lang='lat' dir='ltr'><strong>quod</strong></span> <span class='ocrx_word' id='word_1_130' title='bbox 1814 1674 1935 1723; x_wconf 73' lang='lat' dir='ltr'><strong>alius</strong></span> <span class='ocrx_word' id='word_1_131' title='bbox 1953 1674 2005 1723; x_wconf 82' lang='lat' dir='ltr'><strong>in</strong></span> <span class='ocrx_word' id='word_1_132' title='bbox 2025 1678 2073 1722; x_wconf 78' lang='lat' dir='ltr'><strong>te</strong></span> <span class='ocrx_word' id='word_1_133' title='bbox 2108 1677 2305 1735; x_wconf 72' lang='lat' dir='ltr'><strong>quan-at.</strong></span> <span class='ocrx_word' id='word_1_134' title='bbox 2373 1671 2485 1721; x_wconf 72' lang='lat' dir='ltr'><strong>Gn.</strong></span> 
     </span>
     <span class='ocr_line' id='line_1_15' title="bbox 287 1735 2486 1801; baseline -0.001 -17"><span class='ocrx_word' id='word_1_135' title='bbox 287 1735 399 1798; x_wconf 83' lang='lat' dir='ltr'><strong>Ha,</strong></span> <span class='ocrx_word' id='word_1_136' title='bbox 417 1735 586 1792; x_wconf 74' lang='grc' dir='ltr'><strong>Ιια.1ιε.</strong></span> <span class='ocrx_word' id='word_1_137' title='bbox 652 1737 755 1784; x_wconf 78' lang='grc' dir='ltr'><strong>ΤΗ.</strong></span> <span class='ocrx_word' id='word_1_138' title='bbox 793 1737 1027 1792; x_wconf 71' lang='lat' dir='ltr'><strong>Quidtibi</strong></span> <span class='ocrx_word' id='word_1_139' title='bbox 1047 1738 1262 1787; x_wconf 71' lang='lat' dir='ltr'><strong>videtur?</strong></span> <span class='ocrx_word' id='word_1_140' title='bbox 1327 1739 1434 1788; x_wconf 73' lang='lat' dir='ltr'><strong>GN.</strong></span> <span class='ocrx_word' id='word_1_141' title='bbox 1477 1739 1686 1798; x_wconf 78' lang='lat' dir='ltr'><strong>Urbane,</strong></span> <span class='ocrx_word' id='word_1_142' title='bbox 1701 1738 2194 1801; x_wconf 65' lang='lat' dir='ltr'><strong>venustemtagaifiee,</strong></span> <span class='ocrx_word' id='word_1_143' title='bbox 2208 1736 2330 1785; x_wconf 69' lang='lat' dir='ltr'><strong>nihil</strong></span> <span class='ocrx_word' id='word_1_144' title='bbox 2343 1749 2486 1798; x_wconf 68' lang='lat' dir='ltr'><strong>stqtroe</strong></span> 
     </span>
     <span class='ocr_line' id='line_1_16' title="bbox 284 1799 2491 1866; baseline 0 -18"><span class='ocrx_word' id='word_1_145' title='bbox 284 1805 377 1849; x_wconf 79' lang='lat' dir='ltr'><strong>est.</strong></span> <span class='ocrx_word' id='word_1_146' title='bbox 450 1799 578 1850; x_wconf 66' lang='grc' dir='ltr'><strong>Μ</strong></span> <span class='ocrx_word' id='word_1_147' title='bbox 596 1799 733 1861; x_wconf 57' lang='lat' dir='ltr'><strong>longius</strong></span> <span class='ocrx_word' id='word_1_148' title='bbox 748 1802 912 1863; x_wconf 62' lang='lat' dir='ltr'><strong>adogit</strong></span> <span class='ocrx_word' id='word_1_149' title='bbox 931 1802 1281 1866; x_wconf 76' lang='lat' dir='ltr'><strong>auetorsaisti?</strong></span> <span class='ocrx_word' id='word_1_150' title='bbox 1319 1803 1464 1853; x_wconf 78' lang='lat' dir='ltr'><strong>Vetus</strong></span> <span class='ocrx_word' id='word_1_151' title='bbox 1486 1819 1585 1853; x_wconf 80' lang='lat' dir='ltr'><strong>esse</strong></span> <span class='ocrx_word' id='word_1_152' title='bbox 1615 1803 1806 1853; x_wconf 75' lang='lat' dir='ltr'><strong>credidi.</strong></span> <span class='ocrx_word' id='word_1_153' title='bbox 1872 1804 1979 1854; x_wconf 74' lang='lat' dir='ltr'><strong>Tu.</strong></span> <span class='ocrx_word' id='word_1_154' title='bbox 2011 1803 2090 1852; x_wconf 74' lang='lat' dir='ltr'><strong>Aa</strong></span> <span class='ocrx_word' id='word_1_155' title='bbox 2107 1801 2241 1866; x_wconf 70' lang='lat' dir='ltr'><strong>prius</strong></span> <span class='ocrx_word' id='word_1_156' title='bbox 2261 1799 2312 1848; x_wconf 75' lang='lat' dir='ltr'><strong>id</strong></span> <span class='ocrx_word' id='word_1_157' title='bbox 2332 1799 2491 1849; x_wconf 76' lang='lat' dir='ltr'><strong>audie·</strong></span> 
     </span>
    </p>
   </div>
   <div class='ocr_carea' id='block_1_4' title="bbox 1191 1939 1251 1959">
    <p class='ocr_par' dir='ltr' id='par_1_7' title="bbox 1191 1939 1251 1959">
     <span class='ocr_line' id='line_1_17' title="bbox 1191 1939 1251 1959; baseline 0.017 -1"><span class='ocrx_word' id='word_1_158' title='bbox 1191 1939 1251 1959; x_wconf 53' lang='grc' dir='ltr'><strong>ΟΦ</strong></span> 
     </span>
    </p>
   </div>
   <div class='ocr_carea' id='block_1_5' title="bbox 1252 1939 1463 1959">
    <p class='ocr_par' dir='ltr' id='par_1_8' title="bbox 1252 1939 1463 1959">
     <span class='ocr_line' id='line_1_18' title="bbox 1252 1939 1463 1959; baseline 0 2983"><span class='ocrx_word' id='word_1_159' title='bbox 1252 1939 1463 1959; x_wconf 95' lang='lat' dir='ltr'><strong> </strong></span> 
     </span>
    </p>
   </div>
   <div class='ocr_carea' id='block_1_6' title="bbox 1464 1939 1558 1958">
    <p class='ocr_par' dir='ltr' id='par_1_9' title="bbox 1464 1939 1558 1958">
     <span class='ocr_line' id='line_1_19' title="bbox 1464 1939 1558 1958; baseline 0 0"><span class='ocrx_word' id='word_1_160' title='bbox 1464 1939 1558 1958; x_wconf 67' lang='lat' dir='ltr'><strong>m</strong></span> 
     </span>
    </p>
   </div>
   <div class='ocr_carea' id='block_1_7' title="bbox 287 2035 2500 2487">
    <p class='ocr_par' dir='ltr' id='par_1_10' title="bbox 287 2035 2500 2487">
     <span class='ocr_line' id='line_1_20' title="bbox 287 2035 2492 2105; baseline -0 -19"><span class='ocrx_word' id='word_1_161' title='bbox 287 2036 386 2087; x_wconf 88' lang='lat' dir='ltr'><strong>sed</strong></span> <span class='ocrx_word' id='word_1_162' title='bbox 425 2044 479 2086; x_wconf 87' lang='lat' dir='ltr'><strong>et</strong></span> <span class='ocrx_word' id='word_1_163' title='bbox 521 2036 693 2087; x_wconf 77' lang='lat' dir='ltr'><strong>editis·</strong></span> <span class='ocrx_word' id='word_1_164' title='bbox 737 2039 888 2090; x_wconf 79' lang='lat' dir='ltr'><strong>West.</strong></span> <span class='ocrx_word' id='word_1_165' title='bbox 955 2040 1104 2091; x_wconf 89' lang='lat' dir='ltr'><strong>Bem.</strong></span> <span class='ocrx_word' id='word_1_166' title='bbox 1144 2048 1196 2089; x_wconf 86' lang='lat' dir='ltr'><strong>et</strong></span> <span class='ocrx_word' id='word_1_167' title='bbox 1236 2056 1413 2091; x_wconf 86' lang='lat' dir='ltr'><strong>omues</strong></span> <span class='ocrx_word' id='word_1_168' title='bbox 1451 2042 1539 2090; x_wconf 83' lang='lat' dir='ltr'><strong>alii</strong></span> <span class='ocrx_word' id='word_1_169' title='bbox 1580 2040 1797 2105; x_wconf 88' lang='lat' dir='ltr'><strong>antiqui,</strong></span> <span class='ocrx_word' id='word_1_170' title='bbox 1834 2040 2115 2102; x_wconf 74' lang='lat' dir='ltr'><strong>Nunquam5</strong></span> <span class='ocrx_word' id='word_1_171' title='bbox 2152 2035 2288 2100; x_wconf 87' lang='lat' dir='ltr'><strong>quod</strong></span> <span class='ocrx_word' id='word_1_172' title='bbox 2328 2035 2492 2099; x_wconf 84' lang='lat' dir='ltr'><strong>magis</strong></span> 
     </span>
     <span class='ocr_line' id='line_1_21' title="bbox 289 2100 2493 2168; baseline 0 -18"><span class='ocrx_word' id='word_1_173' title='bbox 289 2103 500 2152; x_wconf 84' lang='lat' dir='ltr'><strong>videtur</strong></span> <span class='ocrx_word' id='word_1_174' title='bbox 533 2102 805 2164; x_wconf 74' lang='lat' dir='ltr'><strong>quadrare.</strong></span> <span class='ocrx_word' id='word_1_175' title='bbox 841 2104 931 2154; x_wconf 84' lang='lat' dir='ltr'><strong>Fa.</strong></span> <span class='ocrx_word' id='word_1_176' title='bbox 999 2104 1139 2156; x_wconf 78' lang='lat' dir='ltr'><strong>Quin</strong></span> <span class='ocrx_word' id='word_1_177' title='bbox 1184 2112 1239 2156; x_wconf 90' lang='lat' dir='ltr'><strong>et</strong></span> <span class='ocrx_word' id='word_1_178' title='bbox 1278 2106 1441 2155; x_wconf 81' lang='lat' dir='ltr'>nostri</span> <span class='ocrx_word' id='word_1_179' title='bbox 1482 2120 1678 2168; x_wconf 89' lang='lat' dir='ltr'><strong>omues,</strong></span> <span class='ocrx_word' id='word_1_180' title='bbox 1727 2104 1891 2154; x_wconf 89' lang='lat' dir='ltr'><strong>tribus</strong></span> <span class='ocrx_word' id='word_1_181' title='bbox 1933 2100 2187 2166; x_wconf 82' lang='lat' dir='ltr'><strong>exceptis,</strong></span> <span class='ocrx_word' id='word_1_182' title='bbox 2225 2101 2493 2162; x_wconf 78' lang='lat' dir='ltr'><strong>Nunquam.</strong></span> 
     </span>
     <span class='ocr_line' id='line_1_22' title="bbox 288 2165 2496 2235; baseline -0.001 -19"><span class='ocrx_word' id='word_1_183' title='bbox 288 2168 455 2216; x_wconf 86' lang='lat' dir='ltr'><strong>Bent.</strong></span> <span class='ocrx_word' id='word_1_184' title='bbox 526 2166 774 2231; x_wconf 71' lang='lat' dir='ltr'><strong>Nunquam</strong></span> <span class='ocrx_word' id='word_1_185' title='bbox 798 2168 1026 2229; x_wconf 86' lang='lat' dir='ltr'><strong>postulat</strong></span> <span class='ocrx_word' id='word_1_186' title='bbox 1049 2184 1366 2234; x_wconf 86' lang='lat' dir='ltr'><strong>responsum.</strong></span> <span class='ocrx_word' id='word_1_187' title='bbox 1403 2170 1521 2235; x_wconf 83' lang='lat' dir='ltr'><strong>Bip.</strong></span> <span class='ocrx_word' id='word_1_188' title='bbox 1590 2170 1677 2220; x_wconf 88' lang='lat' dir='ltr'><strong>Sic</strong></span> <span class='ocrx_word' id='word_1_189' title='bbox 1701 2171 1794 2219; x_wconf 89' lang='lat' dir='ltr'><strong>Br.</strong></span> <span class='ocrx_word' id='word_1_190' title='bbox 1817 2170 1973 2218; x_wconf 89' lang='lat' dir='ltr'><strong>Beut.</strong></span> <span class='ocrx_word' id='word_1_191' title='bbox 1997 2169 2058 2216; x_wconf 90' lang='lat' dir='ltr'><strong>Z.</strong></span> <span class='ocrx_word' id='word_1_192' title='bbox 2097 2166 2251 2215; x_wconf 84' lang='lat' dir='ltr'><strong>Both.</strong></span> <span class='ocrx_word' id='word_1_193' title='bbox 2288 2165 2496 2214; x_wconf 63' lang='lat' dir='ltr'><strong>Perk-</strong></span> 
     </span>
     <span class='ocr_line' id='line_1_23' title="bbox 289 2230 2496 2294; baseline -0.001 -13"><span class='ocrx_word' id='word_1_194' title='bbox 289 2235 360 2281; x_wconf 76' lang='lat'><strong>32</strong></span> <span class='ocrx_word' id='word_1_195' title='bbox 392 2231 509 2280; x_wconf 79' lang='lat' dir='ltr'><strong>Jam</strong></span> <span class='ocrx_word' id='word_1_196' title='bbox 528 2233 637 2280; x_wconf 81' lang='lat' dir='ltr'><strong>aud.</strong></span> <span class='ocrx_word' id='word_1_197' title='bbox 673 2231 738 2281; x_wconf 86' lang='lat' dir='ltr'><strong>G.</strong></span> <span class='ocrx_word' id='word_1_198' title='bbox 765 2233 872 2283; x_wconf 90' lang='lat' dir='ltr'><strong>ET.</strong></span> <span class='ocrx_word' id='word_1_199' title='bbox 896 2233 1019 2282; x_wconf 87' lang='grc' dir='ltr'><strong>ΕΜ.</strong></span> <span class='ocrx_word' id='word_1_200' title='bbox 1058 2236 1202 2286; x_wconf 82' lang='lat' dir='ltr'><strong>West.</strong></span> <span class='ocrx_word' id='word_1_201' title='bbox 1269 2236 1385 2285; x_wconf 90' lang='lat' dir='ltr'><strong>Nee</strong></span> <span class='ocrx_word' id='word_1_202' title='bbox 1410 2236 1461 2284; x_wconf 92' lang='lat' dir='ltr'><strong>in</strong></span> <span class='ocrx_word' id='word_1_203' title='bbox 1503 2236 1652 2284; x_wconf 89' lang='lat' dir='ltr'><strong>Bem.</strong></span> <span class='ocrx_word' id='word_1_204' title='bbox 1684 2249 1781 2283; x_wconf 82' lang='lat' dir='ltr'><strong>nec</strong></span> <span class='ocrx_word' id='word_1_205' title='bbox 1819 2234 1870 2281; x_wconf 89' lang='lat' dir='ltr'><strong>in</strong></span> <span class='ocrx_word' id='word_1_206' title='bbox 1907 2234 2014 2282; x_wconf 91' lang='lat' dir='ltr'><strong>Do.</strong></span> <span class='ocrx_word' id='word_1_207' title='bbox 2050 2237 2131 2280; x_wconf 85' lang='lat' dir='ltr'><strong>est</strong></span> <span class='ocrx_word' id='word_1_208' title='bbox 2152 2230 2288 2291; x_wconf 74' lang='lat' dir='ltr'><strong>jam.-</strong></span> <span class='ocrx_word' id='word_1_209' title='bbox 2321 2230 2496 2294; x_wconf 86' lang='lat' dir='ltr'><strong>itaque</strong></span> 
     </span>
     <span class='ocr_line' id='line_1_24' title="bbox 290 2294 2498 2363; baseline -0.001 -18"><span class='ocrx_word' id='word_1_210' title='bbox 290 2310 409 2345; x_wconf 87' lang='lat' dir='ltr'><strong>eam</strong></span> <span class='ocrx_word' id='word_1_211' title='bbox 451 2295 751 2345; x_wconf 82' lang='lat' dir='ltr'><strong>delevimus.</strong></span> <span class='ocrx_word' id='word_1_212' title='bbox 787 2298 877 2347; x_wconf 87' lang='lat' dir='ltr'><strong>Fa.</strong></span> <span class='ocrx_word' id='word_1_213' title='bbox 942 2296 1105 2363; x_wconf 83' lang='lat' dir='ltr'><strong>Atqui</strong></span> <span class='ocrx_word' id='word_1_214' title='bbox 1145 2301 1303 2349; x_wconf 81' lang='lat' dir='ltr'>nostri</span> <span class='ocrx_word' id='word_1_215' title='bbox 1338 2315 1512 2349; x_wconf 88' lang='lat' dir='ltr'><strong>omnes</strong></span> <span class='ocrx_word' id='word_1_216' title='bbox 1551 2315 1668 2348; x_wconf 78' lang='lat' dir='ltr'><strong>cum</strong></span> <span class='ocrx_word' id='word_1_217' title='bbox 1712 2298 1844 2348; x_wconf 90' lang='lat' dir='ltr'><strong>Edd.</strong></span> <span class='ocrx_word' id='word_1_218' title='bbox 1885 2303 2013 2348; x_wconf 86' lang='lat' dir='ltr'><strong>vett.</strong></span> <span class='ocrx_word' id='word_1_219' title='bbox 2050 2300 2335 2359; x_wconf 84' lang='lat' dir='ltr'><strong>agnoscunt</strong></span> <span class='ocrx_word' id='word_1_220' title='bbox 2358 2294 2498 2354; x_wconf 74' lang='lat' dir='ltr'><strong>jum.-</strong></span> 
     </span>
     <span class='ocr_line' id='line_1_25' title="bbox 290 2356 2500 2428; baseline -0.001 -20"><span class='ocrx_word' id='word_1_221' title='bbox 290 2360 434 2425; x_wconf 87' lang='lat' dir='ltr'><strong>quod</strong></span> <span class='ocrx_word' id='word_1_222' title='bbox 458 2374 554 2410; x_wconf 90' lang='lat' dir='ltr'><strong>cur</strong></span> <span class='ocrx_word' id='word_1_223' title='bbox 573 2361 723 2409; x_wconf 88' lang='lat' dir='ltr'><strong>unius</strong></span> <span class='ocrx_word' id='word_1_224' title='bbox 746 2361 987 2411; x_wconf 88' lang='lat' dir='ltr'><strong>Bembiui</strong></span> <span class='ocrx_word' id='word_1_225' title='bbox 1011 2378 1166 2413; x_wconf 84' lang='lat' dir='ltr'><strong>causa</strong></span> <span class='ocrx_word' id='word_1_226' title='bbox 1189 2365 1450 2428; x_wconf 76' lang='lat' dir='ltr'><strong>ejiciatur,</strong></span> <span class='ocrx_word' id='word_1_227' title='bbox 1480 2364 1651 2413; x_wconf 84' lang='lat' dir='ltr'><strong>nullus</strong></span> <span class='ocrx_word' id='word_1_228' title='bbox 1673 2363 1842 2414; x_wconf 79' lang='lat' dir='ltr'><strong>video.</strong></span> <span class='ocrx_word' id='word_1_229' title='bbox 1878 2362 2026 2411; x_wconf 80' lang='lat' dir='ltr'><strong>Bent.</strong></span> <span class='ocrx_word' id='word_1_230' title='bbox 2091 2362 2205 2409; x_wconf 86' lang='lat' dir='ltr'><strong>Jam</strong></span> <span class='ocrx_word' id='word_1_231' title='bbox 2243 2356 2415 2408; x_wconf 84' lang='lat' dir='ltr'><strong>Guelf.</strong></span> <span class='ocrx_word' id='word_1_232' title='bbox 2450 2361 2500 2406; x_wconf 79' lang='lat'><strong>2.</strong></span> 
     </span>
     <span class='ocr_line' id='line_1_26' title="bbox 291 2421 2496 2487; baseline -0 -14"><span class='ocrx_word' id='word_1_233' title='bbox 291 2424 497 2474; x_wconf 79' lang='lat' dir='ltr'><strong>Milieas</strong></span> <span class='ocrx_word' id='word_1_234' title='bbox 518 2424 601 2474; x_wconf 91' lang='lat' dir='ltr'><strong>ed.</strong></span> <span class='ocrx_word' id='word_1_235' title='bbox 628 2424 750 2474; x_wconf 82' lang='lat' dir='ltr'><strong>Par.</strong></span> <span class='ocrx_word' id='word_1_236' title='bbox 789 2427 918 2478; x_wconf 69' lang='lat' dir='ltr'><strong>Peri.</strong></span> <span class='ocrx_word' id='word_1_237' title='bbox 984 2430 1098 2477; x_wconf 81' lang='lat' dir='ltr'><strong>Jam</strong></span> <span class='ocrx_word' id='word_1_238' title='bbox 1118 2428 1273 2479; x_wconf 87' lang='lat' dir='ltr'><strong>habet</strong></span> <span class='ocrx_word' id='word_1_239' title='bbox 1296 2431 1520 2480; x_wconf 59' lang='lat' dir='ltr'><strong>Bru—84</strong></span> <span class='ocrx_word' id='word_1_240' title='bbox 1553 2430 1633 2478; x_wconf 82' lang='lat' dir='ltr'><strong>Ad</strong></span> <span class='ocrx_word' id='word_1_241' title='bbox 1669 2427 1720 2477; x_wconf 76' lang='lat' dir='ltr'><strong>id</strong></span> <span class='ocrx_word' id='word_1_242' title='bbox 1757 2429 1913 2476; x_wconf 77' lang='lat' dir='ltr'><strong>ludere</strong></span> <span class='ocrx_word' id='word_1_243' title='bbox 1953 2427 2052 2474; x_wconf 84' lang='lat' dir='ltr'><strong>Ms.</strong></span> <span class='ocrx_word' id='word_1_244' title='bbox 2092 2425 2235 2487; x_wconf 88' lang='lat' dir='ltr'><strong>Lips.</strong></span> <span class='ocrx_word' id='word_1_245' title='bbox 2277 2424 2345 2473; x_wconf 91' lang='lat' dir='ltr'><strong>G.</strong></span> <span class='ocrx_word' id='word_1_246' title='bbox 2383 2421 2496 2472; x_wconf 87' lang='grc' dir='ltr'><strong>ΕΡ.</strong></span> 
     </span>
    </p>
   </div>
   <div class='ocr_carea' id='block_1_8' title="bbox 173 2482 2500 2550">
    <p class='ocr_par' dir='ltr' id='par_1_11' title="bbox 173 2482 2500 2550">
     <span class='ocr_line' id='line_1_27' title="bbox 173 2482 2500 2550; baseline -0.002 -11"><span class='ocrx_word' id='word_1_247' title='bbox 173 2482 183 2491; x_wconf 76' lang='grc'><strong>’</strong></span> <span class='ocrx_word' id='word_1_248' title='bbox 290 2491 406 2539; x_wconf 86' lang='grc' dir='ltr'><strong>ΕΤ.</strong></span> <span class='ocrx_word' id='word_1_249' title='bbox 431 2489 556 2539; x_wconf 87' lang='grc' dir='ltr'><strong>ΕΜ.</strong></span> <span class='ocrx_word' id='word_1_250' title='bbox 596 2489 752 2539; x_wconf 79' lang='lat' dir='ltr'><strong>West.</strong></span> <span class='ocrx_word' id='word_1_251' title='bbox 819 2491 1023 2550; x_wconf 78' lang='lat' dir='ltr'><strong>Ludere,</strong></span> <span class='ocrx_word' id='word_1_252' title='bbox 1056 2507 1155 2541; x_wconf 91' lang='lat' dir='ltr'><strong>non</strong></span> <span class='ocrx_word' id='word_1_253' title='bbox 1194 2496 1400 2543; x_wconf 75' lang='lat' dir='ltr'><strong>alludere</strong></span> <span class='ocrx_word' id='word_1_254' title='bbox 1438 2492 1615 2543; x_wconf 80' lang='lat' dir='ltr'><strong>Gueif.</strong></span> <span class='ocrx_word' id='word_1_255' title='bbox 1656 2496 1705 2542; x_wconf 80' lang='lat'><strong>2.</strong></span> <span class='ocrx_word' id='word_1_256' title='bbox 1739 2492 1872 2541; x_wconf 83' lang='lat' dir='ltr'><strong>Perl.</strong></span> <span class='ocrx_word' id='word_1_257' title='bbox 1941 2489 2026 2538; x_wconf 86' lang='lat' dir='ltr'><strong>Sic</strong></span> <span class='ocrx_word' id='word_1_258' title='bbox 2065 2490 2286 2538; x_wconf 63' lang='lat' dir='ltr'><strong>Bru—35</strong></span> <span class='ocrx_word' id='word_1_259' title='bbox 2324 2488 2408 2536; x_wconf 90' lang='lat' dir='ltr'><strong>Me</strong></span> <span class='ocrx_word' id='word_1_260' title='bbox 2429 2487 2500 2534; x_wconf 85' lang='lat' dir='ltr'><strong>ir-</strong></span> 
     </span>
    </p>
   </div>
   <div class='ocr_carea' id='block_1_9' title="bbox 289 2552 2527 3842">
    <p class='ocr_par' dir='ltr' id='par_1_12' title="bbox 289 2552 2499 2621">
     <span class='ocr_line' id='line_1_28' title="bbox 289 2552 2499 2621; baseline -0.002 -18"><span class='ocrx_word' id='word_1_261' title='bbox 289 2554 454 2603; x_wconf 68' lang='lat' dir='ltr'><strong>ridere</strong></span> <span class='ocrx_word' id='word_1_262' title='bbox 475 2560 669 2617; x_wconf 85' lang='lat' dir='ltr'><strong>praeter</strong></span> <span class='ocrx_word' id='word_1_263' title='bbox 691 2554 910 2604; x_wconf 82' lang='lat' dir='ltr'><strong>Codices</strong></span> <span class='ocrx_word' id='word_1_264' title='bbox 931 2557 1229 2606; x_wconf 81' lang='lat' dir='ltr'><strong>Priscianus</strong></span> <span class='ocrx_word' id='word_1_265' title='bbox 1263 2558 1402 2606; x_wconf 86' lang='lat' dir='ltr'><strong>clare</strong></span> <span class='ocrx_word' id='word_1_266' title='bbox 1438 2556 1674 2621; x_wconf 82' lang='lat' dir='ltr'><strong>agnoscit</strong></span> <span class='ocrx_word' id='word_1_267' title='bbox 1705 2571 1757 2619; x_wconf 90' lang='lat' dir='ltr'><strong>p.</strong></span> <span class='ocrx_word' id='word_1_268' title='bbox 1783 2558 1928 2604; x_wconf 81' lang='lat'><strong>1187.</strong></span> <span class='ocrx_word' id='word_1_269' title='bbox 1953 2561 2009 2603; x_wconf 90' lang='lat' dir='ltr'><strong>et</strong></span> <span class='ocrx_word' id='word_1_270' title='bbox 2032 2556 2176 2603; x_wconf 81' lang='lat'><strong>1201.</strong></span> <span class='ocrx_word' id='word_1_271' title='bbox 2243 2552 2342 2600; x_wconf 83' lang='lat' dir='ltr'><strong>Do.</strong></span> <span class='ocrx_word' id='word_1_272' title='bbox 2375 2565 2499 2614; x_wconf 89' lang='lat' dir='ltr'><strong>quo·</strong></span> 
     </span>
    </p>

    <p class='ocr_par' dir='ltr' id='par_1_13' title="bbox 291 2613 2527 3842">
     <span class='ocr_line' id='line_1_29' title="bbox 337 2613 2502 2685; baseline -0.002 -18"><span class='ocrx_word' id='word_1_273' title='bbox 337 2633 403 2667; x_wconf 91' lang='lat' dir='ltr'><strong>ue</strong></span> <span class='ocrx_word' id='word_1_274' title='bbox 425 2617 893 2682; x_wconf 75' lang='lat' dir='ltr'><strong>inriderelegebat:</strong></span> <span class='ocrx_word' id='word_1_275' title='bbox 929 2621 944 2647; x_wconf 89' lang='lat'>‘</span> <span class='ocrx_word' id='word_1_276' title='bbox 965 2620 1134 2682; x_wconf 84' lang='lat' dir='ltr'><strong>Vide,&#39;</strong></span> <span class='ocrx_word' id='word_1_277' title='bbox 1164 2621 1349 2685; x_wconf 89' lang='lat' dir='ltr'><strong>inquit,</strong></span> <span class='ocrx_word' id='word_1_278' title='bbox 1380 2623 1395 2649; x_wconf 77' lang='lat'><em>⁴</em></span> <span class='ocrx_word' id='word_1_279' title='bbox 1423 2619 1853 2685; x_wconf 80' lang='lat' dir='ltr'><strong>quemadmodum</strong></span> <span class='ocrx_word' id='word_1_280' title='bbox 1878 2618 2043 2675; x_wconf 87' lang='lat' dir='ltr'><strong>miles,</strong></span> <span class='ocrx_word' id='word_1_281' title='bbox 2075 2615 2196 2665; x_wconf 89' lang='lat' dir='ltr'><strong>dum</strong></span> <span class='ocrx_word' id='word_1_282' title='bbox 2234 2615 2400 2663; x_wconf 86' lang='lat' dir='ltr'><strong>multa</strong></span> <span class='ocrx_word' id='word_1_283' title='bbox 2433 2613 2502 2662; x_wconf 87' lang='lat' dir='ltr'><strong>ad</strong></span> 
     </span>
     <span class='ocr_line' id='line_1_30' title="bbox 291 2633 2504 2748; baseline -0.002 -16"><span class='ocrx_word' id='word_1_284' title='bbox 291 2633 499 2732; x_wconf 60' lang='lat' dir='ltr'><strong>giorum</strong></span> <span class='ocrx_word' id='word_1_285' title='bbox 523 2697 665 2732; x_wconf 87' lang='lat' dir='ltr'><strong>suum</strong></span> <span class='ocrx_word' id='word_1_286' title='bbox 686 2685 956 2747; x_wconf 82' lang='lat' dir='ltr'><strong>pervenire</strong></span> <span class='ocrx_word' id='word_1_287' title='bbox 978 2684 1225 2741; x_wconf 85' lang='lat' dir='ltr'><strong>fateatur,</strong></span> <span class='ocrx_word' id='word_1_288' title='bbox 1259 2685 1465 2735; x_wconf 88' lang='lat' dir='ltr'><strong>interim</strong></span> <span class='ocrx_word' id='word_1_289' title='bbox 1490 2699 1640 2748; x_wconf 88' lang='lat' dir='ltr'><strong>quam</strong></span> <span class='ocrx_word' id='word_1_290' title='bbox 1663 2688 1956 2733; x_wconf 82' lang='lat' dir='ltr'><strong>contemtus</strong></span> <span class='ocrx_word' id='word_1_291' title='bbox 1979 2681 2049 2729; x_wconf 88' lang='lat' dir='ltr'><strong>sit</strong></span> <span class='ocrx_word' id='word_1_292' title='bbox 2071 2688 2226 2743; x_wconf 87' lang='lat' dir='ltr'><strong>atque</strong></span> <span class='ocrx_word' id='word_1_293' title='bbox 2266 2676 2504 2728; x_wconf 87' lang='lat' dir='ltr'><strong>derisus.&#39;</strong></span> 
     </span>
     <span class='ocr_line' id='line_1_31' title="bbox 295 2743 2502 2811; baseline -0.002 -15"><span class='ocrx_word' id='word_1_294' title='bbox 295 2746 408 2797; x_wconf 86' lang='lat' dir='ltr'><strong>Ubi</strong></span> <span class='ocrx_word' id='word_1_295' title='bbox 446 2747 745 2810; x_wconf 79' lang='lat' dir='ltr'><strong>legendum,</strong></span> <span class='ocrx_word' id='word_1_296' title='bbox 777 2750 884 2797; x_wconf 80' lang='lat' dir='ltr'><strong>dum</strong></span> <span class='ocrx_word' id='word_1_297' title='bbox 922 2752 1023 2799; x_wconf 76' lang='lat' dir='ltr'><strong>vult</strong></span> <span class='ocrx_word' id='word_1_298' title='bbox 1059 2751 1121 2799; x_wconf 83' lang='lat' dir='ltr'><strong>ad</strong></span> <span class='ocrx_word' id='word_1_299' title='bbox 1157 2750 1332 2798; x_wconf 78' lang='lat' dir='ltr'><strong>dictum</strong></span> <span class='ocrx_word' id='word_1_300' title='bbox 1373 2764 1508 2798; x_wconf 81' lang='lat' dir='ltr'><strong>saum</strong></span> <span class='ocrx_word' id='word_1_301' title='bbox 1546 2750 1811 2811; x_wconf 77' lang='lat' dir='ltr'><strong>pervenire,</strong></span> <span class='ocrx_word' id='word_1_302' title='bbox 1828 2747 2048 2807; x_wconf 76' lang='lat' dir='ltr'><strong>fateatur</strong></span> <span class='ocrx_word' id='word_1_303' title='bbox 2082 2743 2293 2793; x_wconf 77' lang='lat' dir='ltr'><strong>interim.</strong></span> <span class='ocrx_word' id='word_1_304' title='bbox 2359 2744 2502 2792; x_wconf 83' lang='lat' dir='ltr'><strong>Pace</strong></span> 
     </span>
     <span class='ocr_line' id='line_1_32' title="bbox 295 2807 2501 2875; baseline -0.002 -14"><span class='ocrx_word' id='word_1_305' title='bbox 295 2818 476 2861; x_wconf 83' lang='lat' dir='ltr'><strong>tamen</strong></span> <span class='ocrx_word' id='word_1_306' title='bbox 498 2814 789 2875; x_wconf 82' lang='lat' dir='ltr'><strong>utriusque,</strong></span> <span class='ocrx_word' id='word_1_307' title='bbox 820 2812 938 2862; x_wconf 90' lang='lat' dir='ltr'><strong>dico</strong></span> <span class='ocrx_word' id='word_1_308' title='bbox 960 2829 990 2862; x_wconf 86' lang='lat' dir='ltr'><strong>a</strong></span> <span class='ocrx_word' id='word_1_309' title='bbox 1012 2828 1160 2863; x_wconf 82' lang='lat' dir='ltr'><strong>manu</strong></span> <span class='ocrx_word' id='word_1_310' title='bbox 1178 2814 1409 2863; x_wconf 83' lang='lat' dir='ltr'><strong>Terentii</strong></span> <span class='ocrx_word' id='word_1_311' title='bbox 1431 2812 1613 2873; x_wconf 85' lang='lat' dir='ltr'><strong>fuisse,</strong></span> <span class='ocrx_word' id='word_1_312' title='bbox 1648 2813 1715 2861; x_wconf 73' lang='lat' dir='ltr'><strong>Et</strong></span> <span class='ocrx_word' id='word_1_313' title='bbox 1738 2826 1810 2859; x_wconf 85' lang='lat' dir='ltr'><strong>me</strong></span> <span class='ocrx_word' id='word_1_314' title='bbox 1831 2810 2044 2859; x_wconf 59' lang='lat' dir='ltr'><strong>irritare.</strong></span> <span class='ocrx_word' id='word_1_315' title='bbox 2081 2808 2238 2856; x_wconf 90' lang='lat' dir='ltr'><strong>Bent.</strong></span> <span class='ocrx_word' id='word_1_316' title='bbox 2294 2807 2501 2856; x_wconf 65' lang='lat' dir='ltr'><strong>Iri-itare</strong></span> 
     </span>
     <span class='ocr_line' id='line_1_33' title="bbox 294 2870 2527 2942; baseline -0.003 -17"><span class='ocrx_word' id='word_1_317' title='bbox 294 2877 462 2925; x_wconf 87' lang='lat' dir='ltr'><strong>Bent.</strong></span> <span class='ocrx_word' id='word_1_318' title='bbox 486 2877 711 2937; x_wconf 80' lang='lat' dir='ltr'><strong>eleganti</strong></span> <span class='ocrx_word' id='word_1_319' title='bbox 733 2877 1033 2940; x_wconf 85' lang='lat' dir='ltr'><strong>conjectura</strong></span> <span class='ocrx_word' id='word_1_320' title='bbox 1056 2879 1201 2942; x_wconf 79' lang='lat' dir='ltr'><strong>legit.</strong></span> <span class='ocrx_word' id='word_1_321' title='bbox 1234 2879 1297 2929; x_wconf 83' lang='lat' dir='ltr'><strong>R.</strong></span> <span class='ocrx_word' id='word_1_322' title='bbox 1321 2879 1390 2927; x_wconf 90' lang='lat' dir='ltr'><strong>D.</strong></span> <span class='ocrx_word' id='word_1_323' title='bbox 1455 2878 1613 2926; x_wconf 87' lang='lat' dir='ltr'><strong>Beut.</strong></span> <span class='ocrx_word' id='word_1_324' title='bbox 1639 2873 1845 2940; x_wconf 75' lang='lat' dir='ltr'><strong>refingit</strong></span> <span class='ocrx_word' id='word_1_325' title='bbox 1867 2873 2094 2925; x_wconf 56' lang='lat' dir='ltr'><strong>afflare.-</strong></span> <span class='ocrx_word' id='word_1_326' title='bbox 2123 2870 2214 2920; x_wconf 86' lang='lat' dir='ltr'><strong>sed</strong></span> <span class='ocrx_word' id='word_1_327' title='bbox 2250 2876 2305 2920; x_wconf 91' lang='lat' dir='ltr'><strong>et</strong></span> <span class='ocrx_word' id='word_1_328' title='bbox 2326 2878 2527 2933; x_wconf 32' lang='lat' dir='ltr'><strong>cetera‘</strong></span> 
     </span>
     <span class='ocr_line' id='line_1_34' title="bbox 297 2932 2510 3008; baseline -0.003 -19"><span class='ocrx_word' id='word_1_329' title='bbox 297 2940 484 2990; x_wconf 82' lang='lat' dir='ltr'><strong>turbat</strong></span> <span class='ocrx_word' id='word_1_330' title='bbox 519 2941 761 2990; x_wconf 85' lang='lat' dir='ltr'><strong>licentius</strong></span> <span class='ocrx_word' id='word_1_331' title='bbox 800 2956 894 3004; x_wconf 89' lang='lat' dir='ltr'><strong>pro</strong></span> <span class='ocrx_word' id='word_1_332' title='bbox 929 2957 1090 3006; x_wconf 85' lang='lat' dir='ltr'><strong>more,</strong></span> <span class='ocrx_word' id='word_1_333' title='bbox 1124 2957 1279 3008; x_wconf 89' lang='lat' dir='ltr'><strong>quam</strong></span> <span class='ocrx_word' id='word_1_334' title='bbox 1311 2957 1425 3006; x_wconf 77' lang='lat' dir='ltr'><strong>qnae</strong></span> <span class='ocrx_word' id='word_1_335' title='bbox 1465 2942 1624 3005; x_wconf 84' lang='lat' dir='ltr'><strong>digna</strong></span> <span class='ocrx_word' id='word_1_336' title='bbox 1654 2941 1758 2990; x_wconf 87' lang='lat' dir='ltr'><strong>sint</strong></span> <span class='ocrx_word' id='word_1_337' title='bbox 1794 2938 1996 2989; x_wconf 82' lang='lat' dir='ltr'><strong>referri.</strong></span> <span class='ocrx_word' id='word_1_338' title='bbox 2044 2937 2161 2999; x_wconf 83' lang='lat' dir='ltr'><strong>Bip.</strong></span> <span class='ocrx_word' id='word_1_339' title='bbox 2231 2935 2359 2991; x_wconf 74' lang='lat' dir='ltr'><strong>Quid</strong></span> <span class='ocrx_word' id='word_1_340' title='bbox 2396 2932 2510 2997; x_wconf 51' lang='lat' dir='ltr'><strong>agis¹</strong></span> 
     </span>
     <span class='ocr_line' id='line_1_35' title="bbox 295 3000 2505 3070; baseline -0.003 -17"><span class='ocrx_word' id='word_1_341' title='bbox 295 3005 534 3068; x_wconf 72' lang='lat' dir='ltr'><strong>expressi</strong></span> <span class='ocrx_word' id='word_1_342' title='bbox 556 3020 620 3054; x_wconf 81' lang='lat' dir='ltr'><strong>ex</strong></span> <span class='ocrx_word' id='word_1_343' title='bbox 646 3005 948 3069; x_wconf 86' lang='lat' dir='ltr'><strong>quibusdam</strong></span> <span class='ocrx_word' id='word_1_344' title='bbox 971 3009 1098 3057; x_wconf 86' lang='lat' dir='ltr'><strong>Mss.</strong></span> <span class='ocrx_word' id='word_1_345' title='bbox 1123 3016 1177 3056; x_wconf 89' lang='lat' dir='ltr'><strong>et</strong></span> <span class='ocrx_word' id='word_1_346' title='bbox 1199 3007 1480 3070; x_wconf 81' lang='lat' dir='ltr'><strong>impressis.</strong></span> <span class='ocrx_word' id='word_1_347' title='bbox 1549 3006 1822 3066; x_wconf 78' lang='lat' dir='ltr'><strong>vulgatum</strong></span> <span class='ocrx_word' id='word_1_348' title='bbox 1845 3002 1976 3060; x_wconf 72' lang='lat' dir='ltr'><strong>Quia</strong></span> <span class='ocrx_word' id='word_1_349' title='bbox 1995 3002 2068 3051; x_wconf 83' lang='lat' dir='ltr'><strong>ais</strong></span> <span class='ocrx_word' id='word_1_350' title='bbox 2088 3002 2319 3063; x_wconf 80' lang='lat' dir='ltr'><strong>languet.</strong></span> <span class='ocrx_word' id='word_1_351' title='bbox 2355 3000 2505 3049; x_wconf 66' lang='lat' dir='ltr'><strong>Weaet.</strong></span> 
     </span>
     <span class='ocr_line' id='line_1_36' title="bbox 296 3065 2503 3135; baseline -0.002 -16"><span class='ocrx_word' id='word_1_352' title='bbox 296 3070 438 3127; x_wconf 73' lang='lat' dir='ltr'><strong>Quid</strong></span> <span class='ocrx_word' id='word_1_353' title='bbox 457 3068 532 3118; x_wconf 78' lang='lat' dir='ltr'><strong>ais</strong></span> <span class='ocrx_word' id='word_1_354' title='bbox 553 3084 725 3120; x_wconf 86' lang='lat' dir='ltr'><strong>omnes</strong></span> <span class='ocrx_word' id='word_1_355' title='bbox 749 3071 943 3135; x_wconf 80' lang='lat' dir='ltr'><strong>antiqui</strong></span> <span class='ocrx_word' id='word_1_356' title='bbox 968 3070 1085 3121; x_wconf 83' lang='lat' dir='ltr'><strong>libri</strong></span> <span class='ocrx_word' id='word_1_357' title='bbox 1107 3088 1120 3121; x_wconf 74' lang='grc' dir='ltr'><strong>ε</strong></span> <span class='ocrx_word' id='word_1_358' title='bbox 1157 3072 1248 3121; x_wconf 86' lang='lat' dir='ltr'><strong>sed</strong></span> <span class='ocrx_word' id='word_1_359' title='bbox 1274 3071 1592 3121; x_wconf 86' lang='lat' dir='ltr'><strong>recentiores</strong></span> <span class='ocrx_word' id='word_1_360' title='bbox 1619 3070 1747 3127; x_wconf 78' lang='lat' dir='ltr'><strong>Quid</strong></span> <span class='ocrx_word' id='word_1_361' title='bbox 1768 3069 1901 3129; x_wconf 75' lang='lat' dir='ltr'><strong>agis.-</strong></span> <span class='ocrx_word' id='word_1_362' title='bbox 1935 3066 2069 3132; x_wconf 87' lang='lat' dir='ltr'><strong>quod</strong></span> <span class='ocrx_word' id='word_1_363' title='bbox 2109 3080 2207 3114; x_wconf 87' lang='lat' dir='ltr'><strong>nou</strong></span> <span class='ocrx_word' id='word_1_364' title='bbox 2243 3065 2503 3127; x_wconf 79' lang='lat' dir='ltr'><strong>displicet.</strong></span> 
     </span>
     <span class='ocr_line' id='line_1_37' title="bbox 296 3129 2508 3198; baseline -0.003 -14"><span class='ocrx_word' id='word_1_365' title='bbox 296 3134 439 3184; x_wconf 84' lang='lat' dir='ltr'><strong>Sane</strong></span> <span class='ocrx_word' id='word_1_366' title='bbox 463 3134 611 3183; x_wconf 87' lang='lat' dir='ltr'><strong>Bem.</strong></span> <span class='ocrx_word' id='word_1_367' title='bbox 639 3149 735 3197; x_wconf 89' lang='lat' dir='ltr'><strong>pro</strong></span> <span class='ocrx_word' id='word_1_368' title='bbox 772 3135 924 3195; x_wconf 74' lang='lat' dir='ltr'><strong>homo,</strong></span> <span class='ocrx_word' id='word_1_369' title='bbox 958 3136 1154 3198; x_wconf 68' lang='lat' dir='ltr'><strong>bantini,</strong></span> <span class='ocrx_word' id='word_1_370' title='bbox 1188 3137 1241 3185; x_wconf 91' lang='lat' dir='ltr'><strong>in</strong></span> <span class='ocrx_word' id='word_1_371' title='bbox 1285 3142 1533 3186; x_wconf 78' lang='lat' dir='ltr'><strong>contextu</strong></span> <span class='ocrx_word' id='word_1_372' title='bbox 1571 3137 1742 3185; x_wconf 83' lang='lat' dir='ltr'><strong>habet.</strong></span> <span class='ocrx_word' id='word_1_373' title='bbox 1779 3134 1872 3183; x_wconf 86' lang='lat' dir='ltr'><strong>Fa.</strong></span> <span class='ocrx_word' id='word_1_374' title='bbox 1943 3134 2178 3195; x_wconf 67' lang='lat' dir='ltr'><strong>Repente,</strong></span> <span class='ocrx_word' id='word_1_375' title='bbox 2213 3130 2343 3186; x_wconf 70' lang='lat' dir='ltr'><strong>Quid</strong></span> <span class='ocrx_word' id='word_1_376' title='bbox 2380 3129 2508 3192; x_wconf 79' lang='lat' dir='ltr'><strong>agis,</strong></span> 
     </span>
     <span class='ocr_line' id='line_1_38' title="bbox 299 3194 2504 3262; baseline -0.003 -14"><span class='ocrx_word' id='word_1_377' title='bbox 299 3198 485 3249; x_wconf 69' lang='grc' dir='ltr'><strong>Ιιοωίκὶ</strong></span> <span class='ocrx_word' id='word_1_378' title='bbox 503 3199 713 3261; x_wconf 74' lang='lat' dir='ltr'><strong>iuquam,</strong></span> <span class='ocrx_word' id='word_1_379' title='bbox 742 3198 1006 3262; x_wconf 73' lang='lat' dir='ltr'><strong>inpudens?</strong></span> <span class='ocrx_word' id='word_1_380' title='bbox 1066 3202 1192 3249; x_wconf 78' lang='lat' dir='ltr'><strong>Tres</strong></span> <span class='ocrx_word' id='word_1_381' title='bbox 1231 3215 1297 3250; x_wconf 84' lang='lat' dir='ltr'><strong>ex</strong></span> <span class='ocrx_word' id='word_1_382' title='bbox 1336 3201 1561 3256; x_wconf 85' lang='lat' dir='ltr'><strong>Nostris,</strong></span> <span class='ocrx_word' id='word_1_383' title='bbox 1596 3200 1726 3256; x_wconf 72' lang='lat' dir='ltr'><strong>Quid</strong></span> <span class='ocrx_word' id='word_1_384' title='bbox 1758 3198 1902 3260; x_wconf 76' lang='lat' dir='ltr'><strong>agis?</strong></span> <span class='ocrx_word' id='word_1_385' title='bbox 1967 3198 2136 3246; x_wconf 86' lang='lat' dir='ltr'><strong>Recte</strong></span> <span class='ocrx_word' id='word_1_386' title='bbox 2160 3201 2329 3244; x_wconf 85' lang='lat' dir='ltr'><strong>autem</strong></span> <span class='ocrx_word' id='word_1_387' title='bbox 2354 3194 2504 3243; x_wconf 88' lang='lat' dir='ltr'><strong>Bem.</strong></span> 
     </span>
     <span class='ocr_line' id='line_1_39' title="bbox 300 3259 2506 3329; baseline -0.002 -18"><span class='ocrx_word' id='word_1_388' title='bbox 300 3262 483 3312; x_wconf 70' lang='lat' dir='ltr'><strong>homini</strong></span> <span class='ocrx_word' id='word_1_389' title='bbox 502 3262 721 3326; x_wconf 80' lang='lat' dir='ltr'><strong>inquam.-</strong></span> <span class='ocrx_word' id='word_1_390' title='bbox 759 3278 861 3327; x_wconf 91' lang='lat' dir='ltr'><strong>quo</strong></span> <span class='ocrx_word' id='word_1_391' title='bbox 884 3272 938 3313; x_wconf 90' lang='lat' dir='ltr'><strong>et</strong></span> <span class='ocrx_word' id='word_1_392' title='bbox 962 3264 1122 3314; x_wconf 87' lang='lat' dir='ltr'><strong>nostri</strong></span> <span class='ocrx_word' id='word_1_393' title='bbox 1143 3272 1404 3328; x_wconf 82' lang='lat' dir='ltr'><strong>spectant,</strong></span> <span class='ocrx_word' id='word_1_394' title='bbox 1436 3267 1522 3329; x_wconf 88' lang='lat' dir='ltr'><strong>qui</strong></span> <span class='ocrx_word' id='word_1_395' title='bbox 1547 3279 1648 3313; x_wconf 90' lang='lat' dir='ltr'><strong>uno</strong></span> <span class='ocrx_word' id='word_1_396' title='bbox 1672 3270 1892 3325; x_wconf 83' lang='lat' dir='ltr'><strong>excepto</strong></span> <span class='ocrx_word' id='word_1_397' title='bbox 1930 3275 2106 3310; x_wconf 85' lang='lat' dir='ltr'><strong>omnes</strong></span> <span class='ocrx_word' id='word_1_398' title='bbox 2142 3259 2334 3309; x_wconf 83' lang='lat' dir='ltr'><strong>habent</strong></span> <span class='ocrx_word' id='word_1_399' title='bbox 2371 3259 2506 3307; x_wconf 72' lang='lat' dir='ltr'><em>homo</em></span> 
     </span>
     <span class='ocr_line' id='line_1_40' title="bbox 299 3322 2508 3391; baseline -0.003 -15"><span class='ocrx_word' id='word_1_400' title='bbox 299 3328 514 3391; x_wconf 69' lang='lat' dir='ltr'><strong>inquam,</strong></span> <span class='ocrx_word' id='word_1_401' title='bbox 548 3341 650 3377; x_wconf 87' lang='lat' dir='ltr'><strong>non</strong></span> <span class='ocrx_word' id='word_1_402' title='bbox 671 3329 863 3391; x_wconf 77' lang='lat' dir='ltr'><strong>inquam</strong></span> <span class='ocrx_word' id='word_1_403' title='bbox 881 3328 1029 3379; x_wconf 76' lang='grc' dir='ltr'><strong>Ιιοηιο.</strong></span> <span class='ocrx_word' id='word_1_404' title='bbox 1063 3330 1220 3378; x_wconf 88' lang='lat' dir='ltr'><strong>Bent.</strong></span> <span class='ocrx_word' id='word_1_405' title='bbox 1285 3330 1378 3378; x_wconf 80' lang='lat' dir='ltr'><strong>Ais</strong></span> <span class='ocrx_word' id='word_1_406' title='bbox 1401 3330 1494 3379; x_wconf 86' lang='lat' dir='ltr'><strong>Br.</strong></span> <span class='ocrx_word' id='word_1_407' title='bbox 1517 3329 1714 3378; x_wconf 77' lang='lat' dir='ltr'><strong>Z.—se</strong></span> <span class='ocrx_word' id='word_1_408' title='bbox 1751 3325 1993 3389; x_wconf 66' lang='lat' dir='ltr'><strong>Qua-rm]</strong></span> <span class='ocrx_word' id='word_1_409' title='bbox 2058 3324 2174 3374; x_wconf 85' lang='lat' dir='ltr'><strong>Nisi</strong></span> <span class='ocrx_word' id='word_1_410' title='bbox 2207 3337 2321 3372; x_wconf 86' lang='lat' dir='ltr'><strong>cum</strong></span> <span class='ocrx_word' id='word_1_411' title='bbox 2346 3322 2508 3371; x_wconf 87' lang='lat' dir='ltr'><strong>inter·</strong></span> 
     </span>
     <span class='ocr_line' id='line_1_41' title="bbox 304 3386 2508 3455; baseline -0.002 -16"><span class='ocrx_word' id='word_1_412' title='bbox 304 3390 594 3455; x_wconf 76' lang='lat' dir='ltr'><strong>rogationis</strong></span> <span class='ocrx_word' id='word_1_413' title='bbox 637 3399 762 3440; x_wconf 88' lang='lat' dir='ltr'><strong>nota</strong></span> <span class='ocrx_word' id='word_1_414' title='bbox 802 3393 1136 3454; x_wconf 83' lang='lat' dir='ltr'><strong>exprimatur,</strong></span> <span class='ocrx_word' id='word_1_415' title='bbox 1181 3393 1345 3442; x_wconf 87' lang='lat' dir='ltr'><strong>minus</strong></span> <span class='ocrx_word' id='word_1_416' title='bbox 1397 3390 1652 3454; x_wconf 68' lang='grc' dir='ltr'><strong>ἐμφαντικὸν</strong></span> <span class='ocrx_word' id='word_1_417' title='bbox 1691 3391 1806 3439; x_wconf 90' lang='lat' dir='ltr'><strong>erit.</strong></span> <span class='ocrx_word' id='word_1_418' title='bbox 1872 3389 2206 3450; x_wconf 79' lang='lat' dir='ltr'><strong>suadentque</strong></span> <span class='ocrx_word' id='word_1_419' title='bbox 2249 3386 2301 3434; x_wconf 90' lang='lat' dir='ltr'><strong>id</strong></span> <span class='ocrx_word' id='word_1_420' title='bbox 2346 3387 2508 3435; x_wconf 85' lang='lat' dir='ltr'><strong>verba</strong></span> 
     </span>
     <span class='ocr_line' id='line_1_42' title="bbox 302 3449 2513 3520; baseline -0.003 -15"><span class='ocrx_word' id='word_1_421' title='bbox 302 3457 540 3520; x_wconf 81' lang='lat' dir='ltr'><strong>proxime</strong></span> <span class='ocrx_word' id='word_1_422' title='bbox 559 3457 937 3519; x_wconf 79' lang='lat' dir='ltr'><strong>praecedentia‚</strong></span> <span class='ocrx_word' id='word_1_423' title='bbox 954 3458 1005 3505; x_wconf 91' lang='lat' dir='ltr'><strong>in</strong></span> <span class='ocrx_word' id='word_1_424' title='bbox 1027 3457 1207 3520; x_wconf 89' lang='lat' dir='ltr'><strong>quibus</strong></span> <span class='ocrx_word' id='word_1_425' title='bbox 1226 3455 1403 3505; x_wconf 87' lang='lat' dir='ltr'><strong>itidem</strong></span> <span class='ocrx_word' id='word_1_426' title='bbox 1423 3454 1768 3518; x_wconf 81' lang='lat' dir='ltr'><strong>interrogatio</strong></span> <span class='ocrx_word' id='word_1_427' title='bbox 1782 3458 1879 3503; x_wconf 85' lang='lat' dir='ltr'><strong>est.</strong></span> <span class='ocrx_word' id='word_1_428' title='bbox 1911 3453 2062 3503; x_wconf 79' lang='lat' dir='ltr'><strong>West.</strong></span> <span class='ocrx_word' id='word_1_429' title='bbox 2107 3449 2513 3513; x_wconf 74' lang='lat' dir='ltr'><strong>Repono,Lepus</strong></span> 
     </span>
     <span class='ocr_line' id='line_1_43' title="bbox 303 3513 2509 3583; baseline -0.004 -13"><span class='ocrx_word' id='word_1_430' title='bbox 303 3526 410 3570; x_wconf 74' lang='lat' dir='ltr'><strong>tute</strong></span> <span class='ocrx_word' id='word_1_431' title='bbox 423 3536 502 3570; x_wconf 80' lang='lat' dir='ltr'><strong>es:</strong></span> <span class='ocrx_word' id='word_1_432' title='bbox 534 3526 583 3569; x_wconf 83' lang='lat' dir='ltr'><strong>et</strong></span> <span class='ocrx_word' id='word_1_433' title='bbox 618 3523 906 3583; x_wconf 76' lang='lat' dir='ltr'><strong>pulmentum</strong></span> <span class='ocrx_word' id='word_1_434' title='bbox 927 3522 1104 3583; x_wconf 78' lang='lat' dir='ltr'><strong>qaaen‘s</strong></span> <span class='ocrx_word' id='word_1_435' title='bbox 1117 3518 1142 3570; x_wconf 65' lang='lat'><em>2</em></span> <span class='ocrx_word' id='word_1_436' title='bbox 1203 3521 1290 3569; x_wconf 89' lang='lat' dir='ltr'><strong>Ha</strong></span> <span class='ocrx_word' id='word_1_437' title='bbox 1309 3521 1370 3569; x_wconf 83' lang='lat' dir='ltr'><strong>ha</strong></span> <span class='ocrx_word' id='word_1_438' title='bbox 1390 3520 1480 3569; x_wconf 72' lang='lat' dir='ltr'><strong>hoe.</strong></span> <span class='ocrx_word' id='word_1_439' title='bbox 1531 3518 1738 3569; x_wconf 87' lang='lat' dir='ltr'><strong>Poteris</strong></span> <span class='ocrx_word' id='word_1_440' title='bbox 1756 3519 1911 3566; x_wconf 85' lang='lat' dir='ltr'><strong>etiam</strong></span> <span class='ocrx_word' id='word_1_441' title='bbox 1927 3517 2023 3565; x_wconf 90' lang='lat' dir='ltr'><strong>hoc</strong></span> <span class='ocrx_word' id='word_1_442' title='bbox 2041 3515 2211 3572; x_wconf 86' lang='lat' dir='ltr'><strong>modo,</strong></span> <span class='ocrx_word' id='word_1_443' title='bbox 2229 3513 2386 3576; x_wconf 79' lang='lat' dir='ltr'><strong>Lepas</strong></span> <span class='ocrx_word' id='word_1_444' title='bbox 2406 3519 2509 3562; x_wconf 76' lang='lat' dir='ltr'><strong>tute</strong></span> 
     </span>
     <span class='ocr_line' id='line_1_44' title="bbox 304 3577 2509 3648; baseline -0.004 -14"><span class='ocrx_word' id='word_1_445' title='bbox 304 3600 380 3635; x_wconf 79' lang='lat' dir='ltr'><strong>es.-</strong></span> <span class='ocrx_word' id='word_1_446' title='bbox 415 3589 462 3635; x_wconf 77' lang='lat' dir='ltr'><strong>et</strong></span> <span class='ocrx_word' id='word_1_447' title='bbox 479 3587 725 3648; x_wconf 71' lang='lat' dir='ltr'><strong>pulpam</strong></span> <span class='ocrx_word' id='word_1_448' title='bbox 745 3586 952 3648; x_wconf 71' lang='lat' dir='ltr'><strong>qumis?</strong></span> <span class='ocrx_word' id='word_1_449' title='bbox 1017 3585 1102 3635; x_wconf 86' lang='lat' dir='ltr'><strong>Ha</strong></span> <span class='ocrx_word' id='word_1_450' title='bbox 1123 3586 1183 3634; x_wconf 80' lang='lat' dir='ltr'><strong>ha</strong></span> <span class='ocrx_word' id='word_1_451' title='bbox 1204 3587 1309 3636; x_wconf 72' lang='lat' dir='ltr'><strong>hoee</strong></span> <span class='ocrx_word' id='word_1_452' title='bbox 1344 3585 1446 3647; x_wconf 88' lang='lat' dir='ltr'><strong>vel,</strong></span> <span class='ocrx_word' id='word_1_453' title='bbox 1480 3577 2364 3646; x_wconf 66' lang='lat' dir='ltr'><strong>Lepustute,pu1pamentamquaerisv</strong></span> <span class='ocrx_word' id='word_1_454' title='bbox 2419 3577 2509 3626; x_wconf 84' lang='lat' dir='ltr'><strong>Ha</strong></span> 
     </span>
     <span class='ocr_line' id='line_1_45' title="bbox 304 3642 2509 3713; baseline -0.004 -15"><span class='ocrx_word' id='word_1_455' title='bbox 304 3651 369 3698; x_wconf 81' lang='grc' dir='ltr'><strong>Ιιιι</strong></span> <span class='ocrx_word' id='word_1_456' title='bbox 394 3649 488 3699; x_wconf 73' lang='lat' dir='ltr'><strong>lue.</strong></span> <span class='ocrx_word' id='word_1_457' title='bbox 553 3651 889 3713; x_wconf 84' lang='lat' dir='ltr'><strong>Quocumque</strong></span> <span class='ocrx_word' id='word_1_458' title='bbox 925 3648 1076 3699; x_wconf 87' lang='lat' dir='ltr'><strong>modo</strong></span> <span class='ocrx_word' id='word_1_459' title='bbox 1110 3649 1411 3706; x_wconf 82' lang='lat' dir='ltr'><strong>constituas,</strong></span> <span class='ocrx_word' id='word_1_460' title='bbox 1445 3649 1653 3697; x_wconf 90' lang='lat' dir='ltr'><strong>omnino</strong></span> <span class='ocrx_word' id='word_1_461' title='bbox 1685 3647 1865 3695; x_wconf 75' lang='lat' dir='ltr'><strong>melius</strong></span> <span class='ocrx_word' id='word_1_462' title='bbox 1897 3651 1996 3704; x_wconf 83' lang='lat' dir='ltr'><strong>est,</strong></span> <span class='ocrx_word' id='word_1_463' title='bbox 2028 3651 2085 3692; x_wconf 92' lang='lat' dir='ltr'><strong>ut</strong></span> <span class='ocrx_word' id='word_1_464' title='bbox 2109 3642 2509 3706; x_wconf 75' lang='lat' dir='ltr'><strong>pen-interroga-</strong></span> 
     </span>
     <span class='ocr_line' id='line_1_46' title="bbox 307 3704 2508 3778; baseline -0.005 -14"><span class='ocrx_word' id='word_1_465' title='bbox 307 3715 503 3764; x_wconf 89' lang='lat' dir='ltr'><strong>tionem</strong></span> <span class='ocrx_word' id='word_1_466' title='bbox 528 3712 841 3778; x_wconf 83' lang='lat' dir='ltr'><strong>proferatur.</strong></span> <span class='ocrx_word' id='word_1_467' title='bbox 867 3714 1011 3763; x_wconf 78' lang='lat' dir='ltr'><strong>Bent.</strong></span> <span class='ocrx_word' id='word_1_468' title='bbox 1055 3714 1183 3763; x_wconf 87' lang='lat' dir='ltr'><strong>Post</strong></span> <span class='ocrx_word' id='word_1_469' title='bbox 1203 3715 1219 3742; x_wconf 87' lang='lat'>‘</span> <span class='ocrx_word' id='word_1_470' title='bbox 1274 3715 1426 3762; x_wconf 71' lang='lat' dir='ltr'><strong>uaeris</strong></span> <span class='ocrx_word' id='word_1_471' title='bbox 1444 3712 1459 3737; x_wconf 82' lang='lat'>&#39;</span> <span class='ocrx_word' id='word_1_472' title='bbox 1481 3728 1582 3761; x_wconf 89' lang='lat' dir='ltr'><strong>non</strong></span> <span class='ocrx_word' id='word_1_473' title='bbox 1606 3713 1930 3773; x_wconf 77' lang='lat' dir='ltr'><strong>interrogant</strong></span> <span class='ocrx_word' id='word_1_474' title='bbox 1945 3709 2035 3757; x_wconf 88' lang='lat' dir='ltr'><strong>Br.</strong></span> <span class='ocrx_word' id='word_1_475' title='bbox 2051 3707 2111 3756; x_wconf 88' lang='lat' dir='ltr'><strong>Z.</strong></span> <span class='ocrx_word' id='word_1_476' title='bbox 2126 3708 2249 3770; x_wconf 87' lang='lat' dir='ltr'><strong>Bip.</strong></span> <span class='ocrx_word' id='word_1_477' title='bbox 2297 3704 2394 3755; x_wconf 79' lang='lat' dir='ltr'><strong>11ae</strong></span> <span class='ocrx_word' id='word_1_478' title='bbox 2416 3720 2508 3768; x_wconf 88' lang='lat' dir='ltr'><strong>pro</strong></span> 
     </span>
     <span class='ocr_line' id='line_1_47' title="bbox 306 3771 2510 3842; baseline -0.005 -13"><span class='ocrx_word' id='word_1_479' title='bbox 306 3777 367 3829; x_wconf 68' lang='lat' dir='ltr'><strong>lie</strong></span> <span class='ocrx_word' id='word_1_480' title='bbox 387 3778 510 3842; x_wconf 89' lang='lat' dir='ltr'><strong>Bip.</strong></span> <span class='ocrx_word' id='word_1_481' title='bbox 586 3780 653 3829; x_wconf 77' lang='lat' dir='ltr'><strong>Es</strong></span> <span class='ocrx_word' id='word_1_482' title='bbox 669 3784 719 3828; x_wconf 81' lang='lat' dir='ltr'><strong>et</strong></span> <span class='ocrx_word' id='word_1_483' title='bbox 741 3777 880 3827; x_wconf 86' lang='lat' dir='ltr'><strong>delet</strong></span> <span class='ocrx_word' id='word_1_484' title='bbox 906 3776 1194 3827; x_wconf 80' lang='lat' dir='ltr'><strong>Both.--ss</strong></span> <span class='ocrx_word' id='word_1_485' title='bbox 1301 3791 1383 3827; x_wconf 78' lang='lat' dir='ltr'><strong>am</strong></span> <span class='ocrx_word' id='word_1_486' title='bbox 1402 3777 1586 3827; x_wconf 81' lang='lat' dir='ltr'><strong>obsecro</strong></span> <span class='ocrx_word' id='word_1_487' title='bbox 1606 3791 1667 3826; x_wconf 70' lang='lat' dir='ltr'><strong>ae</strong></span> <span class='ocrx_word' id='word_1_488' title='bbox 1688 3775 1773 3824; x_wconf 75' lang='lat' dir='ltr'><strong>hoc</strong></span> <span class='ocrx_word' id='word_1_489' title='bbox 1795 3775 1978 3824; x_wconf 74' lang='lat' dir='ltr'><strong>dietum</strong></span> <span class='ocrx_word' id='word_1_490' title='bbox 1997 3777 2134 3822; x_wconf 76' lang='lat' dir='ltr'><strong>erat?</strong></span> <span class='ocrx_word' id='word_1_491' title='bbox 2199 3771 2269 3821; x_wconf 90' lang='grc' dir='ltr'><strong>Ο.</strong></span> <span class='ocrx_word' id='word_1_492' title='bbox 2307 3772 2344 3819; x_wconf 85' lang='grc'><strong>1.</strong></span> <span class='ocrx_word' id='word_1_493' title='bbox 2377 3784 2418 3820; x_wconf 86' lang='lat' dir='ltr'><strong>s.</strong></span> <span class='ocrx_word' id='word_1_494' title='bbox 2455 3776 2510 3819; x_wconf 87' lang='lat' dir='ltr'><strong>et</strong></span> 
     </span>
    </p>
   </div>
   <div class='ocr_carea' id='block_1_10' title="bbox 1304 3905 1525 3958">
    <p class='ocr_par' dir='ltr' id='par_1_14' title="bbox 1304 3905 1525 3958">
     <span class='ocr_line' id='line_1_48' title="bbox 1304 3905 1525 3958; baseline -0.005 -1"><span class='ocrx_word' id='word_1_495' title='bbox 1304 3905 1525 3958; x_wconf 82' lang='lat' dir='ltr'>NOTAE</span> 
     </span>
    </p>
   </div>
   <div class='ocr_carea' id='block_1_11' title="bbox 313 3995 2516 4296">
    <p class='ocr_par' dir='ltr' id='par_1_15' title="bbox 313 3995 2516 4296">
     <span class='ocr_line' id='line_1_49' title="bbox 375 3995 2512 4069; baseline -0.004 -15"><span class='ocrx_word' id='word_1_496' title='bbox 375 4009 444 4054; x_wconf 74' lang='lat'><strong>86</strong></span> <span class='ocrx_word' id='word_1_497' title='bbox 475 4004 630 4069; x_wconf 78' lang='lat' dir='ltr'><strong>Lepus</strong></span> <span class='ocrx_word' id='word_1_498' title='bbox 651 4009 754 4055; x_wconf 72' lang='lat' dir='ltr'><strong>tute</strong></span> <span class='ocrx_word' id='word_1_499' title='bbox 784 4020 852 4066; x_wconf 82' lang='lat' dir='ltr'><strong>es,</strong></span> <span class='ocrx_word' id='word_1_500' title='bbox 883 4004 990 4069; x_wconf 59' lang='lat' dir='ltr'><strong>Lym]</strong></span> <span class='ocrx_word' id='word_1_501' title='bbox 1021 4005 1039 4034; x_wconf 80' lang='lat'><strong><em>⁴</em></strong></span> <span class='ocrx_word' id='word_1_502' title='bbox 1060 4003 1371 4066; x_wconf 88' lang='lat' dir='ltr'><strong>Pulpamen-</strong></span> <span class='ocrx_word' id='word_1_503' title='bbox 1453 4003 1661 4067; x_wconf 78' lang='lat' dir='ltr'><strong>leporis.</strong></span> <span class='ocrx_word' id='word_1_504' title='bbox 1734 4001 1903 4066; x_wconf 81' lang='lat' dir='ltr'><strong>Hujus</strong></span> <span class='ocrx_word' id='word_1_505' title='bbox 1938 4010 2062 4050; x_wconf 80' lang='lat' dir='ltr'><strong>vero</strong></span> <span class='ocrx_word' id='word_1_506' title='bbox 2098 3995 2365 4048; x_wconf 87' lang='lat' dir='ltr'><strong>Proverbii</strong></span> <span class='ocrx_word' id='word_1_507' title='bbox 2397 3996 2512 4046; x_wconf 75' lang='lat' dir='ltr'><strong>hoec</strong></span> 
     </span>
     <span class='ocr_line' id='line_1_50' title="bbox 313 4065 2511 4144; baseline -0.003 -14"><span class='ocrx_word' id='word_1_508' title='bbox 313 4079 451 4130; x_wconf 89' lang='lat' dir='ltr'><strong>tum’</strong></span> <span class='ocrx_word' id='word_1_509' title='bbox 502 4079 765 4144; x_wconf 82' lang='lat' dir='ltr'><strong>significat</strong></span> <span class='ocrx_word' id='word_1_510' title='bbox 803 4094 985 4131; x_wconf 86' lang='lat' dir='ltr'><strong>carnes</strong></span> <span class='ocrx_word' id='word_1_511' title='bbox 1024 4079 1371 4143; x_wconf 84' lang='lat' dir='ltr'><strong>delicatiores,</strong></span> <span class='ocrx_word' id='word_1_512' title='bbox 1453 4086 1534 4129; x_wconf 89' lang='lat' dir='ltr'><strong>est</strong></span> <span class='ocrx_word' id='word_1_513' title='bbox 1556 4081 1849 4129; x_wconf 72' lang='lat' dir='ltr'><strong>sententiae</strong></span> <span class='ocrx_word' id='word_1_514' title='bbox 1885 4079 1966 4128; x_wconf 86' lang='lat' dir='ltr'><strong>Tu</strong></span> <span class='ocrx_word' id='word_1_515' title='bbox 1989 4092 2045 4125; x_wconf 80' lang='lat' dir='ltr'><strong>es</strong></span> <span class='ocrx_word' id='word_1_516' title='bbox 2070 4075 2123 4125; x_wconf 88' lang='lat' dir='ltr'><strong>id</strong></span> <span class='ocrx_word' id='word_1_517' title='bbox 2155 4074 2290 4140; x_wconf 88' lang='lat' dir='ltr'><strong>quod</strong></span> <span class='ocrx_word' id='word_1_518' title='bbox 2323 4065 2511 4138; x_wconf 75' lang='lat' dir='ltr'><strong>quaeris</strong></span> 
     </span>
     <span class='ocr_line' id='line_1_51' title="bbox 314 4150 2516 4221; baseline -0.001 -19"><span class='ocrx_word' id='word_1_519' title='bbox 314 4167 368 4204; x_wconf 81' lang='lat' dir='ltr'><strong>et</strong></span> <span class='ocrx_word' id='word_1_520' title='bbox 392 4156 614 4206; x_wconf 82' lang='lat' dir='ltr'><strong>lautiora</strong></span> <span class='ocrx_word' id='word_1_521' title='bbox 634 4156 863 4206; x_wconf 77' lang='lat' dir='ltr'><strong>obsonia.</strong></span> <span class='ocrx_word' id='word_1_522' title='bbox 930 4155 1104 4218; x_wconf 85' lang='lat' dir='ltr'><strong>Pulpa</strong></span> <span class='ocrx_word' id='word_1_523' title='bbox 1136 4161 1219 4204; x_wconf 89' lang='lat' dir='ltr'><strong>est</strong></span> <span class='ocrx_word' id='word_1_524' title='bbox 1253 4169 1372 4219; x_wconf 86' lang='lat' dir='ltr'><strong>pars</strong></span> <span class='ocrx_word' id='word_1_525' title='bbox 1452 4155 1506 4204; x_wconf 91' lang='lat' dir='ltr'><strong>iu</strong></span> <span class='ocrx_word' id='word_1_526' title='bbox 1531 4160 1735 4217; x_wconf 88' lang='lat' dir='ltr'><strong>scorto;</strong></span> <span class='ocrx_word' id='word_1_527' title='bbox 1757 4150 1969 4221; x_wconf 66' lang='lat' dir='ltr'><strong>quod&#39;in</strong></span> <span class='ocrx_word' id='word_1_528' title='bbox 1993 4161 2046 4203; x_wconf 90' lang='lat' dir='ltr'><strong>te</strong></span> <span class='ocrx_word' id='word_1_529' title='bbox 2066 4150 2360 4215; x_wconf 82' lang='lat' dir='ltr'><strong>habes,hoc</strong></span> <span class='ocrx_word' id='word_1_530' title='bbox 2376 4163 2516 4215; x_wconf 78' lang='lat' dir='ltr'><strong>quae-</strong></span> 
     </span>
     <span class='ocr_line' id='line_1_52' title="bbox 316 4229 1804 4296; baseline 0.001 -16"><span class='ocrx_word' id='word_1_531' title='bbox 316 4245 532 4282; x_wconf 78' lang='lat' dir='ltr'><strong>carnosa</strong></span> <span class='ocrx_word' id='word_1_532' title='bbox 554 4231 606 4281; x_wconf 92' lang='lat' dir='ltr'><strong>iu</strong></span> <span class='ocrx_word' id='word_1_533' title='bbox 624 4245 845 4296; x_wconf 86' lang='lat' dir='ltr'><strong>corpore</strong></span> <span class='ocrx_word' id='word_1_534' title='bbox 865 4230 1114 4295; x_wconf 81' lang='lat' dir='ltr'><strong>animalis,</strong></span> <span class='ocrx_word' id='word_1_535' title='bbox 1133 4236 1189 4281; x_wconf 89' lang='lat' dir='ltr'><strong>ut</strong></span> <span class='ocrx_word' id='word_1_536' title='bbox 1210 4229 1371 4281; x_wconf 83' lang='lat' dir='ltr'><strong>lumbi</strong></span> <span class='ocrx_word' id='word_1_537' title='bbox 1454 4230 1524 4281; x_wconf 88' lang='lat' dir='ltr'><strong>ris</strong></span> <span class='ocrx_word' id='word_1_538' title='bbox 1547 4231 1600 4280; x_wconf 88' lang='lat' dir='ltr'><strong>iu</strong></span> <span class='ocrx_word' id='word_1_539' title='bbox 1618 4231 1804 4282; x_wconf 82' lang='lat' dir='ltr'><strong>altero.</strong></span> 
     </span>
    </p>
   </div>
  </div>
 </body>
</html>
