3050 4942
943 443 1281 493 munuum
1332 424 1497 496 Aer.
1534 445 1604 495 v,
1651 445 1757 495 sc.
1801 445 1933 497 v11.
2409 427 2540 501 521

352 583 765 671 Reliquom‘e
852 583 988 654 ΡΑ.
1033 589 1328 655 Tantum
1357 597 1486 660 est.
1575 590 1710 658 LA.
1755 590 1975 657 Cesso
2019 589 2151 656 huc
2192 592 2509 660 introi-um

694 710 726 753 r
778 689 808 753 ’ἱ

351 790 487 857 ΡΑ.
532 710 694 860 Ner?
719 710 993 857 {abiam
1019 798 1146 873 est,
1178 795 1337 878 quin
1361 794 1525 859 mihi
1555 814 1871 878 magnum
1907 813 2001 859 ex
2027 793 2152 860 hac
2179 813 2254 861 re
2284 798 2371 863 sit
2397 817 2539 863 ma-

605 894 781 975 lum;

352 994 511 1060 Nisi
539 998 700 1081 quia
725 1015 1006 1062 neeesse
1033 997 1165 1062 fuit
1191 999 1318 1063 hoc
1347 998 1595 1079 faeere,
1626 1000 1697 1065 id
1727 999 2007 1084 gaudee,

348 1096 634 1180 Propter
660 1118 766 1162 me
794 1100 984 1164 hisee
1016 1100 1274 1183 aliquid
1303 1121 1452 1167 esse
1481 1111 1869 1168 eventurum
1900 1101 2082 1168 mali.

347 1198 528 1264 Nam
548 1199 694 1283 jam
723 1200 836 1265 diu
867 1202 1160 1287 aliquam
1184 1223 1460 1270 causam
1490 1207 1842 1290 quaerebat
1869 1224 2106 1284 senex,
2449 1206 2539 1270 30

346 1301 798 1381 Quamobrem
827 1303 1086 1387 insigne
1115 1305 1367 1390 aliquid
1394 1306 1647 1373 faceret
1673 1307 1799 1374 hie.
1889 1308 2093 1376 Nune
2122 1306 2392 1392 reperit.

341 1482 527 1535 restat?
591 1483 691 1533 ΡΑ.
729 1482 872 1533 Nihil
890 1491 1118 1548 proeterea
1135 1491 1223 1536 est.
1293 1488 1390 1536 LA.
1427 1487 1560 1543 Quid
1579 1502 1753 1547 moror,
1785 1487 1899 1550 quin
1919 1488 2046 1536 intro
2065 1488 2152 1537 hus
2172 1489 2296 1537 cedes
2315 1489 2537 1550 impetum

330 1546 465 1606 facio
479 1554 500 1596 ?
564 1546 667 1597 ΡΑ.
704 1548 897 1598 Certum
917 1555 986 1599 est
1022 1551 1140 1599 mihi
1168 1566 1392 1613 magnum
1422 1567 1484 1600 ex
1518 1553 1607 1602 hac
1639 1567 1693 1601 re
1727 1552 1989 1614 impendere
2022 1551 2195 1601 mulum
2207 1568 2223 1600 :
2256 1554 2334 1601 sed
2355 1565 2536 1601 necesse

329 1611 437 1671 fuit
457 1612 731 1673 hocfuctum
748 1614 926 1674 referre
946 1614 1066 1674 seni,
1086 1616 1260 1679 utfllio
1280 1633 1364 1665 suo
1389 1618 1601 1670 Chaereoe
1619 1621 1921 1667 succurreret.
1987 1616 2071 1665 Ex
2103 1616 2187 1666 hoc
2203 1619 2388 1678 gaudeo
2409 1617 2535 1665 hisce

340 1677 674 1739 meretricibus,
691 1679 786 1726 mei
806 1693 964 1740 causa,
987 1679 1175 1743 aliquod
1196 1681 1567 1740 malumsactum
1586 1682 1651 1730 iri
1665 1700 1680 1731 .·
1717 1696 1831 1730 nam
1853 1682 1959 1741 jam
1983 1683 2166 1743 pridem
2197 1680 2401 1745 αῑὰμιαηι
2421 1697 2532 1730 cuu-

339 1756 439 1790 sam
457 1743 648 1805 optabat
667 1743 835 1793 huben
853 1758 1014 1808 senex,
1036 1749 1092 1795 ut
1110 1744 1299 1809 aliquod
1317 1746 1504 1807 insigne
1528 1746 1725 1806 fucinus
1752 1746 1808 1795 in
1825 1746 2094 1796 meretrices
2122 1745 2242 1795 istus
2269 1747 2425 1795 ederet
2438 1762 2455 1795 :
2487 1744 2531 1792 is

338 1820 460 1857 nunc
480 1808 677 1858 invenit.

1237 1905 1357 1924 uu
1361 1905 1603 1926 ‘OM

337 1992 568 2041 ins.-26
612 1994 769 2043 Forte
811 1995 1063 2045 Relictam.
1116 1996 1203 2048 Er.
1267 1997 1644 2061 Intrerumpere]
1712 1996 1817 2047 Alii
1854 1998 1982 2047 intro
2032 1998 2309 2061 irrumpere.
2390 1996 2530 2046 Non.

337 2055 658 2108 Marcellus:
698 2059 825 2107 intro
846 2074 1073 2123 rumpere.
1116 2061 1184 2111 G.
1212 2063 1312 2111 Cur
1331 2077 1455 2111 cesso
1474 2065 1565 2112 huc
1584 2063 1755 2113 intror.
1789 2062 1956 2113 west.
2002 2062 2268 2125 Reliquam.
2325 2062 2532 2111 Tantum

335 2128 422 2170 est.
476 2125 617 2173 Cesso
632 2124 721 2172 huc
753 2124 878 2172 intro
899 2125 1182 2189 irrumpere]
1215 2127 1363 2178 Bem.
1386 2134 1443 2176 et
1466 2128 1554 2176 vi.
1575 2134 1630 2177 et
1647 2128 1807 2191 aliqui
1828 2128 1935 2190 alii,
1954 2128 2315 2190 introrumpere.
2371 2126 2531 2175 Utro·

338 2200 437 2250 qne
476 2188 626 2237 modo
672 2202 849 2237 versus
885 2193 1006 2248 stat,
1041 2192 1084 2239 si
1120 2191 1172 2239 in
1206 2192 1221 2218 ‘
1248 2192 1407 2241 Cesso
1435 2191 1567 2241 huc’
1612 2193 1913 2254 synaloepha
1953 2206 2056 2241 non
2093 2192 2205 2241 fiat.
2240 2192 2331 2241 Fa.
2410 2190 2532 2240 Non

334 2253 390 2301 in
410 2250 428 2278 ‘
453 2252 608 2302 Cesso
630 2253 730 2301 hnc
745 2251 762 2276 ’
786 2261 955 2303 cessat
976 2255 1284 2319 Synaloepha
1306 2274 1320 2305 ε
1357 2256 1449 2307 sed
1487 2257 1733 2320 Reliqiiom
1753 2266 1835 2306 est
1867 2256 2306 2321 quadrisyllabon,
2326 2262 2384 2304 ut
2408 2254 2534 2304 alibi

333 2330 439 2365 non
463 2329 594 2366 raro.
660 2318 1010 2382 Introrumpere
1041 2325 1211 2369 autem
1246 2322 1402 2371 etiam
1441 2322 1643 2371 Nonius
1681 2322 1763 2371 hic
1804 2322 1933 2383 legit
1962 2336 2009 2371 v.
2050 2321 2329 2382 Rumpere.
2381 2320 2532 2372 Bent-

334 2381 574 2430 Relictum
597 2380 832 2432 defendit
855 2383 1009 2434 Both.
1049 2385 1117 2434 ob
1137 2394 1430 2437 accentum.
1500 2386 1685 2435 Cesson’
1723 2386 1915 2451 Delpb.
1980 2386 2120 2435 Intro
2151 2386 2409 2447 irrumpere
2439 2384 2530 2436 ΒΓ.

333 2450 465 2494 -28
499 2446 719 2509 Necesse]
752 2445 959 2498 Donato
980 2457 1320 2500 memoratum
1343 2466 1553 2501 necessus
1578 2450 1816 2500 defendit
1839 2452 1905 2500 P.
1930 2450 2212 2511 Victorius,
2235 2450 2531 2513 legiturque

334 2509 389 2558 in
414 2512 672 2573 exemplo,
708 2526 807 2576 quo
850 2526 971 2561 usus
1000 2522 1082 2563 est
1118 2515 1375 2579 (hyems,
1415 2516 1540 2566 edit.
1584 2516 1828 2566 Heidelb.
1864 2518 2011 2564 1587.
2068 2515 2221 2565 West.
2285 2514 2349 2562 In
2380 2514 2530 2563 Bem.

333 2575 586 2637 scriptum
619 2582 704 2623 est
739 2590 968 2639 necessus,
1003 2578 1140 2642 quod
1182 2587 1235 2627 et
1270 2581 1376 2630 Do.
1418 2579 1666 2629 admittit.
1699 2580 1791 2629 Fa.
1859 2580 1993 2628 Serre
2031 2578 2228 2641 syllaba
2266 2577 2422 2641 longa
2445 2576 2531 2625 hie

333 2654 539 2688 versum
577 2640 808 2703 adjuvat.
875 2641 978 2691 Sed
1019 2657 1254 2691 necessum
1289 2644 1374 2693 hic
1416 2643 1611 2705 malim,
1646 2650 1705 2692 nt
1736 2656 1879 2706 saepe
1917 2644 2057 2707 apud
2095 2642 2356 2690 Plautum.
2421 2642 2533 2689 Do-

332 2711 488 2754 natus
520 2704 725 2768 quidem
759 2707 995 2770 agnoscit
1025 2721 1254 2764 necessus,
1288 2709 1380 2758 sed
1433 2721 1624 2772 genere
1674 2707 1954 2756 masculino
1996 2712 2058 2755 ut
2099 2707 2315 2756 necessis.
2371 2706 2532 2756 Bent-

333 2769 590 2818 Necessum
627 2768 746 2831 Bip.
807 2771 927 2820 Fuit
961 2785 1196 2820 necessum
1232 2774 1388 2823 Both.
1438 2772 1557 2822 Fuit
1589 2786 1802 2821 necessus
1844 2771 2122 2820 Perl.-—29
2161 2771 2422 2820 Venturum
2453 2770 2534 2820 Μ.

340 2834 496 2884 West.
563 2834 650 2882 Me
668 2839 859 2897 prepter
879 2836 944 2884 al.
966 2836 1093 2885 hisce
1112 2842 1265 2887 event.
1297 2838 1413 2887 mali
1435 2837 1590 2886 Both.
1663 2837 1779 2885 Esse
1802 2834 2003 2885 omittit
2025 2841 2080 2884 et
2101 2836 2249 2885 Peri.
2271 2834 2358 2899 qui
2381 2840 2533 2883 notat

332 2898 387 2948 id
408 2898 596 2946 habere
617 2897 793 2949 Guelf.
814 2903 864 2949 2.
889 2904 1065 2949 s.—31
1093 2901 1235 2950 Editi
1256 2901 1585 2952 vetustissimi
1600 2900 1713 2950 fere
1729 2914 1905 2949 omnes
1924 2914 2040 2949 cum
2060 2900 2191 2950 Mss.
2208 2898 2533 2964 quibusdam,

359 2970 418 3012 ut
438 2963 554 3025 Br.]
573 2962 775 3022 fuceret.
840 2964 894 3013 Is
914 2979 1041 3012 nunc
1075 2965 1270 3029 reperit.
1336 2967 1512 3015 Minus
1550 2973 1812 3016 accurate.
1878 2964 1967 3013 Ita
1999 2969 2172 3013 tamen
2208 2970 2265 3012 et
2301 2964 2450 3014 Junt.
2473 2971 2532 3012 et

370 3034 410 3077 t.
436 3026 639 3077 Aldinae
660 3027 881 3078 variant.
925 3028 1079 3079 West.
1149 3030 1459 3084 Quamobrem
1477 3031 1663 3092 insigne
1676 3030 1855 3093 aliquid
1861 3029 2049 3089 fuceret
2070 3029 2159 3081 iis:
2189 3043 2315 3077 nunc
2329 3026 2534 3091 reperit]

334 3093 479 3140 Unus
501 3099 699 3141 tantum
718 3106 783 3141 ex
807 3094 994 3142 nostris
1014 3095 1109 3143 hoc
1125 3094 1337 3146 ordine:
1375 3095 1478 3145 duo
1490 3111 1606 3146 cum
1627 3100 1757 3144 vett.
1778 3093 2303 3156 Edd.insignesaceret
2320 3092 2500 3155 aliquid
2505 3108 2529 3151 ,-

334 3157 587 3220 plerique‚
608 3156 792 3220 aliquid
809 3157 1211 3220 insignefaceret.
1228 3162 1462 3225 ‘Repone
1486 3160 1805 3210 certissime:
1856 3159 2166 3216 Quamobrem
2186 3159 2366 3221 aliquid
2400 3171 2531 3218 oegre

319 3221 507 3281 faceret
526 3223 591 3270 iis
602 3238 623 3279 ‚·
653 3237 776 3271 nunc
796 3224 991 3286 reperit.
1056 3224 1257 3288 Aliquid
1291 3226 1406 3275 mali
1442 3227 1631 3288 insigne
1670 3239 1737 3273 ne
1774 3225 2016 3273 Latinum
2055 3223 2262 3288 quidem
2300 3230 2397 3273 est.
2466 3221 2530 3270 In

328 3287 500 3335 altero
521 3300 728 3351 qnoque
748 3288 929 3337 ordine
952 3288 1125 3351 legere
1146 3292 1362 3352 poteris,
1389 3291 1701 3345 Quamobrem
1724 3289 2042 3349 oegrefaceret
2056 3288 2239 3350 aliquid
2253 3288 2334 3336 iis.
2368 3287 2529 3336 Bent.

332 3351 408 3402 Iis
428 3351 487 3399 Ζ.
510 3351 705 3416 Deiph.
742 3353 864 3415 Bip.
901 3352 1055 3402 Both.
1090 3361 1146 3401 et
1184 3354 1325 3403 Peri.
1347 3356 1435 3418 qui
1469 3361 1619 3403 notat
1652 3354 1704 3401 in
1739 3351 1917 3404 Guelf.
1949 3356 1999 3402 8.
2038 3365 2152 3400 esse
2189 3351 2234 3400 is
2268 3365 2391 3400 nunc
2424 3364 2529 3415 rep.

329 3419 550 3468 causam?

907 3749 1213 3835 AcTUs
1259 3767 1348 3833 v.
1428 3725 1742 3833 SCENA
1784 3767 1956 3834 VII.

1018 3936 1374 3985 PYTmAS.
1463 3903 1854 3985 eARMeNO.

333 4042 472 4107 ΡΥ.
547 4040 946 4116 NUNQUAM
1017 4037 1285 4122 aedepol
1336 4038 1704 4123 quicquam
1744 4037 2030 4121 jamdiu,
2079 4003 2282 4122 qnod·
2306 4035 2525 4119 magis

590 4142 835 4210 vellem
861 4142 1145 4220 evenire,

400 4301 508 4352 Pr.
545 4301 797 4365 Nunquam
814 4299 987 4364 oedepol
1004 4293 1249 4364 quicquam
1267 4296 1543 4368 ffuminum,
1576 4300 1697 4366 quod
1729 4298 1885 4364 nugis
1919 4297 2039 4352 mihi
2071 4302 2280 4364 optarem
2297 4295 2526 4362 accidere,
