3050 4942
1208 413 1622 468 PnAEvA‘rto.
2420 400 2509 468 29

312 580 492 647 pere,
555 561 951 629 varietatem
998 560 1311 628 lectionis
1361 564 1697 638 annotare,
1764 565 2311 628 commentatores
2360 562 2508 629 lau-

313 666 497 729 dare.
586 665 670 729 In
697 665 1040 731 volumine
1065 667 1222 732 olim
1250 686 1294 731 a
1320 684 1426 729 me
1475 664 1768 747 perlecto
1812 670 1881 728 et
1924 664 2280 749 descripte,
2325 667 2509 749 quod

310 768 398 831 ab
426 767 847 850 Imperatore
872 766 1161 832 Octavio
1192 765 1500 848 Augusto
1528 765 1791 849 incipit,
1835 766 1988 830 loca
2020 774 2252 832 extant
2294 769 2510 833 multa

311 868 641 952 decerpta
663 889 755 934 ex
789 868 1030 953 poetiS,
1072 875 1151 933 ut
1200 870 1559 952 scriptores
1610 868 1961 951 prosaicos
1989 869 2312 947 omittam,
2345 870 2509 936 Ovi-

310 971 450 1050 dio,
483 973 748 1048 Persio,
778 972 1078 1050 Lucane,
1113 973 1351 1051 Statio,
1379 972 1426 1037 J
1430 972 1718 1049 uvenali,
1751 969 2146 1049 claudiane,
2189 988 2328 1039 una
2357 989 2509 1037 cum

306 1076 522 1140 variis
549 1075 951 1139 lectionibus
982 1094 1065 1139 ac
1098 1074 1383 1157 glossisg
1424 1091 1640 1157 neque
1682 1072 1906 1151 aliam,
1936 1072 2156 1150 credo,
2187 1072 2508 1139 rationem

305 1174 458 1240 iniit
484 1176 555 1239 in
584 1176 1032 1241 voluminibus
1062 1175 1621 1260 praecedentibus,
1649 1194 1802 1259 quae
1831 1175 2120 1240 fortasse
2150 1174 2407 1240 alicubi
2435 1177 2509 1240 in

308 1276 730 1343 Bibliotheca
761 1278 866 1341 vel
891 1276 1190 1343 Archivo
1215 1275 1708 1359 Guestphalico
1741 1276 1965 1342 latent.
2459 1274 2463 1279 ’
2499 1298 2502 1301 ’

396 1377 583 1457 Quid
610 1380 669 1443 si
707 1380 881 1445 idem
926 1380 1068 1459 ille,
1115 1379 1559 1464 qui'cedicem
1590 1378 1965 1462 descripsit,
2009 1380 2210 1445 etiam
2242 1381 2508 1447 notulas

309 1479 568 1563 adjecit
588 1483 618 1545 ‘l
704 1482 1056 1548 Hoc-mihi
1084 1482 1242 1547 inde
1269 1481 1619 1564 probabile
1649 1489 1776 1558 est,
1821 1483 1979 1565 quia
2007 1501 2320 1564 magnum
2350 1501 2508 1548 con-

256 1612 262 1616 ·
309 1601 580 1647 sensum
606 1590 832 1648 textus
855 1604 1007 1649 cum
1037 1585 1229 1662 notis,
1244 1585 1455 1648 etiam
1481 1583 1639 1647 istis
1670 1584 1867 1662 locis,
1905 1584 2026 1648 ubi
2057 1589 2281 1648 textus
2307 1584 2507 1650 falsae

306 1684 621 1750 lectionis
654 1688 840 1768 argui
871 1694 1127 1771 potest,
1159 1686 1566 1777 deprehendi
1592 1707 1609 1766 ;
1654 1707 1709 1750 e.
1740 1707 1804 1769 g.
1835 1687 1923 1750 ad
1954 1686 2341 1751 mendosam
2369 1689 2509 1752 lec·

286 1787 568 1853 ‘tionem
608 1787 902 1873 praedicto
949 1789 1156 1854 Andr.
1208 1807 1257 1853 1.
1306 1791 1368 1854 l.
1413 1790 1521 1855 19.
1541 1839 1550 1845 .
1569 1794 1843 1854 notatur
1886 1808 2039 1852 esse
2084 1790 2355 1854 verbum
2382 1789 2510 1853 fre-

308 1890 809 1975 quentativum3
854 1891 1015 1955 ibid.
1064 1907 1111 1954 1.
1155 1892 1218 1956 2.
1249 1891 1357 1955 21.
1403 1891 1800 1955 scholiastes
1830 1889 1987 1972 cepit
2027 1888 2331 1954 confudit
2356 1907 2509 1955 cum

309 1989 529 2073 caepit,-
574 2009 780 2074 quare
807 1992 878 2055 in
903 1999 1068 2057 nota
1096 1991 1360 2057 addidit
1403 1991 1693 2056 ‘habere
1718 1992 1758 2058 ε’
1800 1993 1965 2057 ibid.
2020 2009 2137 2055 111.
2183 1992 2248 2057 2.
2290 1991 2397 2057 27.
2439 1993 2511 2057 in

308 2090 504 2157 textu
549 2091 786 2173 legitur
829 2092 1006 2156 citius
1050 2113 1169 2176 pro
1217 2092 1427 2172 secius,
1490 2095 1636 2158 sine
1685 2096 1897 2160 dubio
1944 2114 2237 2159 erronee.
2345 2092 2508 2173 Sed,

310 2213 695 2278 quanquam
723 2195 968 2260 melior
997 2197 1197 2260 lectio
1227 2196 1414 2260 secius
1453 2197 1522 2260 in
1557 2196 1689 2261 Ms.
1717 2203 2001 2276 notatur,
2032 2202 2255 2261 tamen
2280 2197 2510 2279 glossa

311 2298 333 2329 ‘
357 2296 663 2361 velocius
684 2295 703 2320 ’
752 2298 1051 2381 explicat
1098 2297 1460 2364 lectionem
1509 2305 1886 2363 contextus.
1972 2297 2247 2363 Scholia
2297 2298 2511 2362 nostri

310 2398 576 2463 codicis
605 2400 1070 2465 commendant
1097 2421 1170 2464 se
1197 2401 1520 2466 brevitate
1552 2407 1620 2466 et
1649 2400 2156 2485 perspicuitate,
2198 2405 2393 2483 atque
2422 2402 2511 2466 ob

307 2499 429 2565 has
457 2501 740 2564 virtutes
769 2500 1098 2566 tironibus
1131 2502 1327 2567 utilia
1356 2522 1509 2567 esse
1540 2511 1861 2586 possunt,
1887 2523 2061 2582 cum,
2090 2522 2245 2588 quae
2283 2503 2510 2569 Dona-

309 2608 418 2669 tus
450 2609 522 2667 et
551 2603 976 2686 Eugraphius
1006 2604 1438 2687 scripserunt,
1486 2606 1660 2670 adeo
1690 2606 1962 2689 prolixa
1993 2608 2139 2683 sint,
2170 2612 2245 2670 ut
2270 2605 2512 2670 fortas-

308 2723 384 2768 se
417 2723 502 2768 ea
529 2703 933 2771 eruditorum
961 2707 1183 2770 nullus
1202 2725 1244 2769 a
1263 2707 1487 2790 capite
1510 2706 1598 2769 ad
1630 2706 1884 2770 calcem
1912 2707 2279 2788 perlegerit,
2296 2706 2510 2771 multo

305 2806 533 2871 minus
580 2805 900 2889 juvenum
956 2808 1218 2892 ingenio
1270 2813 1430 2891 apta
1475 2808 1629 2872 sint.
1688 2842 1691 2847 ·
1733 2807 1996 2871 Deinde
2042 2806 2393 2871 afferuntur
2442 2808 2512 2870 in

304 2909 590 2975 scholiis
618 2911 967 2990 lectioneS‚
1008 2932 1188 2996 quae,
1233 2913 1294 2976 si
1332 2911 1478 2996 jam
1505 2931 1592 2976 ex
1642 2910 1796 2977 aliis
1843 2910 2190 2975 codicibus
2234 2909 2510 2993 prolatae

306 3012 583 3091 fuerint,
612 3014 722 3079 hic
753 3020 962 3079 testes
992 3016 1466 3080 nanciscuntur
1487 3033 1705 3078 novos
1735 3021 1805 3078 et
1835 3032 2105 3095 graves3
2151 3012 2253 3076 sin
2272 3012 2512 3090 minus,

309 3119 968 3182 summassattentione
1000 3116 1499 3182 considerandae
1534 3123 1718 3195 sunt,
1755 3116 1915 3199 quia
1942 3134 2171 3180 omnes
2198 3130 2511 3195 magnam

309 3217 780 3300 antiquitatem
825 3239 968 3302 prae
999 3240 1074 3285 se
1112 3220 1344 3285 ferunt.
1432 3218 1748 3285 Varietas
1775 3217 2312 3293 distinctionum,
2347 3235 2512 3299 -quae

309 3336 402 3387 ex
437 3318 567 3383 hoc
607 3319 848 3385 codice
901 3321 1041 3403 peti
1089 3326 1334 3404 potest,
1391 3320 1590 3403 plane
1629 3339 1875 3386 novum
1917 3320 2255 3403 varietatis
2302 3336 2513 3402 genus

310 3421 680 3500 constituit,
725 3440 766 3485 a
793 3421 1220 3486 collatoribus
1247 3421 1415 3485 mihi-
1430 3422 1611 3486 notis
1639 3421 2182 3504 praetermissum.

396 3518 668 3586 Glossae
698 3528 1036 3587 auctorem
1058 3522 1332 3587 natione
1363 3521 1610 3587 Italum
1636 3522 1906 3606 prodere
1934 3521 2254 3588 videntur.
2330 3520 2400 3585 N
2403 3536 2514 3585 am'

310 3626 333 3657 ‘
351 3623 420 3687 si
440 3622 459 3649 ’
504 3625 761 3706 saepius
808 3624 1096 3688 usitatur
1143 3643 1235 3688 ex
1277 3642 1463 3689 more
1512 3625 1771 3690 Italicae
1812 3625 2000 3690 vocis
2045 3645 2105 3687 se
2154 3644 2279 3708 pro
2341 3628 2363 3660 ‘
2385 3618 2515 3700 an','

312 3728 335 3759 ‘
358 3723 559 3790 num!
648 3723 818 3789 Cum
847 3744 1003 3790 vero
1033 3724 1287 3791 codicis
1317 3726 1720 3808 scriptorem
1749 3725 2034 3789 eundem
2077 3743 2230 3788 esse
2280 3731 2513 3806 putem

312 3845 466 3907 cum
495 3826 883 3903 scholiasta,
931 3826 1150 3890 codex
1178 3825 1462 3890 fortasse
1490 3827 1557 3890 in
1585 3825 1791 3890 Italia
1814 3826 2102 3907 scriptus
2131 3830 2253 3887 est.

400 3926 612 4006 Quod
648 3928 736 3992 ad
781 3934 1030 3993 textum
1060 3929 1288 4011 ipsum
1317 3927 1630 4006 Terentii,
1659 3927 1879 4011 qualis
1905 3927 1971 3988 in
2001 3926 2129 3990 hoc
2160 3924 2393 3990 codice
2419 3927 2513 3991 le-

313 4029 515 4112 gitur,
545 4029 806 4106 attinet,
834 4029 1218 4113 saepissime
1252 4046 1407 4095 cum
1428 4029 1777 4096 codicibus
1804 4029 1980 4105 istis,
2006 4029 2147 4112 qui,
2165 4027 2513 4112 judicibus

314 4130 481 4195 viris
534 4132 836 4210 summis,
893 4130 1155 4195 Faerno
1207 4135 1291 4196 et.
1317 4129 1648 4209 Bentleio,
1692 4129 1984 4215 palmam
2014 4131 2254 4194 ceteris
2283 4126 2514 4213 praeri-

318 4234 538 4315 piunt,
583 4233 957 4313 consentit;
988 4230 1183 4316 *quod
1213 4232 1740 4301 cuilibetvNotas
1783 4239 2045 4319 nostras
2088 4232 2518 4316 percurrenti,
2595 4302 2602 4307 ,
