3050 4942
917 400 1013 447 nn
1061 397 1342 447 Marius
1388 395 1933 446 TsnssnriAN1s.
2037 417 2051 426 κ
2381 380 2513 447 289

446 603 849 663 VARIETAS
915 601 1412 662 METRORUM.
1515 601 1860 675 IAMBICI,
1917 600 2390 661 TROCHAICI.

405 731 827 804 Quintilianus,
854 732 1116 791 Institut.
1150 732 1317 791 Orat.
1350 751 1418 789 x.
1456 733 1506 789 l.
1538 736 1554 765 ‘
1581 731 1649 789 In
1682 729 1986 790 Comoedia
2012 730 2262 790 maxime
2292 731 2514 790 claudi-

324 829 775 903 camuS,--licet
798 830 1133 889 TERENTH
1175 827 1395 906 scripta
1422 827 1497 885 ad
1530 827 1861 907 Scipionem
1890 826 2228 885 Africanum
2257 828 2515 887 referan-

325 937 459 985 tur:
504 947 639 1004 quae
667 935 864 985 tamen
895 925 954 984 in
982 925 1095 985 hoc
1127 944 1339 1003 genere
1370 934 1511 983 sunt
1539 925 2012 1004 elegantissima;
2057 934 2117 982 et
2159 924 2291 1003 plus
2321 923 2515 985 adhuc
2599 978 2606 987 .

322 1023 600 1082 habitura
648 1023 874 1101 gratiae,
917 1022 966 1080 si
1016 1022 1170 1080 intra
1213 1041 1417 1081 versus
1464 1022 1753 1081 trimetros
1782 1019 2124 1081 stetissent.'
2204 1019 2516 1080 Mirificum

326 1136 471 1178 sane
511 1118 711 1196 magni
753 1116 999 1177 rhetoris
1041 1116 1364 1196 judicium!
1448 1117 1713 1196 Optabat
1756 1116 2001 1189 scilicet,
2042 1126 2110 1176 ut
2137 1116 2377 1175 Fabulae
2404 1116 2517 1175 Te·-

325 1214 635 1286 rentianae,
676 1234 811 1292 quae
853 1214 910 1272 in
954 1214 1140 1291 primo
1170 1212 1456 1292 cujusque
1486 1223 1624 1273 actu
1654 1222 1714 1273 et
1742 1233 1920 1273 scena
1949 1233 1985 1272 a
2012 1213 2285 1272 trimetris
2315 1212 2518 1271 incho-

328 1320 524 1382 antur,
567 1309 776 1370 eodem
801 1319 987 1370 metro
1018 1331 1088 1370 ac
1115 1319 1321 1370 tenore
1350 1330 1455 1388 per
1498 1330 1706 1370 omnes
1753 1321 1921 1370 actus
1968 1328 2294 1388 scenasque
2340 1307 2522 1368 decu-

326 1407 670 1467 currissent.
743 1406 1028 1468 Crederes
1057 1408 1323 1486 profecto
1350 1407 1650 1467 hominem
1679 1397 1982 1486 nunquam
2011 1425 2249 1466 scenam
2276 1405 2516 1477 vidisse,

322 1522 633 1581 nunquam
680 1504 1009 1565 comoedum
1060 1514 1257 1583 partes
1289 1524 1427 1565 suas
1458 1515 1731 1584 agentem
1763 1504 2144 1584 spectavisse.
2227 1501 2385 1568 Quid
2413 1522 2518 1561 vo·-

327 1597 486 1657 luit?
528 1598 689 1677 quod
717 1618 827 1659 nec
859 1599 1191 1660 Menander
1218 1621 1325 1662 nec
1354 1600 1512 1660 ullus
1546 1601 1889 1660 Graecorum
1917 1599 2079 1670 fecit,
2117 1598 2423 1658 Terentius
2454 1606 2522 1655 ut

326 1692 594 1753 faceret?
637 1705 702 1752 ut
730 1695 835 1769 ira,
863 1704 1077 1767 metus,
1105 1697 1411 1765 exultatio,
1442 1696 1632 1769 dolor,
1661 1696 1973 1776 gaudium;
2006 1705 2065 1755 et
2092 1693 2307 1774 quietae
2338 1714 2429 1753 res
2459 1703 2526 1753 et

328 1791 602 1861 turbatae,
650 1789 859 1850 eodem
907 1802 1093 1852 metro
1141 1793 1301 1853 lente
1350 1792 1704 1873 agerentur?
1745 1801 1812 1852 ut
1852 1792 2067 1851 tibicen
2091 1791 2333 1871 paribus
2363 1791 2519 1850 tonis

327 1893 730 1965 perpetuoque
758 1887 990 1948 cantico
1019 1888 1416 1968 spectantium
1447 1907 1619 1949 aures
1651 1886 1755 1948 vel'
1781 1888 2108 1949 delassaret
2134 1887 2227 1948 vel
2257 1887 2522 1947 offende-

331 1981 466 2041 ret?
546 1982 800 2042 Tantum
849 1985 1037 2056 abest,
1078 1994 1145 2044 ut
1192 2001 1262 2045 eo
1304 1994 1483 2063 pacto
1520 1985 1655 2064 plus
1686 1984 1891 2063 gratiae
1919 1983 2193 2043 habitura
2220 1992 2379 2042 esset
2407 1984 2521 2041 Fa-

332 2077 492 2151 bula,
534 2088 621 2151 ut,
650 2078 1026 2157 quantumvis
1052 2080 1203 2140 bene
1231 2090 1478 2154 morata,
1521 2083 1898 2159 quantumvis
1923 2080 2076 2140 belle
2107 2080 2343 2157 scripta,
2387 2098 2522 2158 gra-

332 2174 474 2234 tiam
502 2193 742 2253 prorsus
772 2194 1006 2236 omnem
1033 2175 1408 2256 perdidisset.
1465 2176 1536 2235 Id
1565 2177 1735 2256 primi
1765 2178 1906 2237 artis
1928 2187 2252 2257 repertores
2280 2175 2524 2255 pulchre

331 2269 644 2341 videbant3
687 2271 1064 2332 delectabant
1091 2292 1232 2352 ergo
1257 2275 1535 2333 varietate
1564 2274 1722 2354 ipsa,
1742 2273 2093 2353 diversaque
2119 2278 2225 2346 ἤθη
2252 2276 2343 2332 καὶ
2370 2274 2521 2344 πάθη

335 2366 566 2429 diverso
616 2370 874 2429 carmine
923 2371 1446 2450 repraesentabant.
1542 2365 1771 2429 Marius
1820 2370 2181 2443 Victorinus,
2227 2391 2289 2449 p.
2339 2373 2523 2431 2500.

337 2471 353 2500 ‘
382 2466 539 2526 Nam
564 2479 625 2526 et
649 2468 978 2528 Menander
1005 2468 1065 2527 in
1097 2469 1418 2528 Comoediis
1446 2469 1783 2548 frequenter
1811 2490 1847 2529 a
1874 2469 2232 2530 continuatis
2260 2467 2523 2528 iambicis

333 2564 600 2623 versibus
629 2562 706 2622 ad
736 2564 1067 2625 trochaicos
1097 2565 1329 2640 transit,
1356 2575 1417 2626 et
1443 2584 1673 2625 rursum
1703 2565 1778 2624 ad
1803 2566 2086 2626 iambicos
2106 2566 2305 2626 redit-3
2387 2567 2525 2625 Non

336 2657 418 2718 ita
444 2671 644 2719 tamen
674 2661 931 2740 agebant
956 2660 1222 2734 Veteres,
1263 2671 1331 2721 ut
1364 2649 1452 2721 'ab
1496 2680 1616 2721 uno
1662 2662 1723 2719 in
1765 2660 1924 2720 aliud
1964 2661 2138 2741 plane
2168 2661 2526 2721 contrarium

334 2767 576 2837 repente
601 2757 906 2826 exilirent3
950 2760 1024 2818 ab
1067 2758 1333 2819 iambicis
1379 2759 1439 2816 in
1491 2756 1856 2836 dactylicos:
1902 2758 2008 2816 sed
2055 2758 2115 2816 in
2162 2757 2523 2836 propinquos

339 2853 693 2926 trochaicos‚
735 2855 868 2934 ipso
911 2856 1162 2915 transitu
1208 2874 1378 2933 paene
1407 2852 1669 2913 fallente.
1754 2853 1931 2921 Quod
1961 2863 2029 2912 ut
2052 2853 2263 2913 clarius
2289 2854 2526 2932 conspi-

341 2949 549 3023 ciatur,
589 2970 823 3011 omnem
848 2953 1262 3013 Terentianam
1289 2952 1517 3032 copiam
1557 2951 1652 3011 hic
1699 2951 1926 3024 sistam,
1966 2969 2203 3032 unoque
2230 2960 2291 3010 et
2316 2950 2527 3011 eodem

340 3046 492 3125 pede
521 3046 846 3108 ditrochaeo
874 3048 1208 3109 universam
1236 3050 1356 3108 fere
1387 3049 1647 3110 emetiar.

421 3142 580 3202 Illud
606 3154 804 3204 tamen
831 3145 992 3225 prius
1036 3144 1514 3212 admonendum;
1560 3153 1629 3206 ut
1670 3163 1710 3203 a
1755 3144 2026 3204 trimetris
2071 3164 2213 3205 suas
2249 3146 2527 3217 Fabulam,

342 3239 514 3299 rebus
545 3240 958 3314 sedatioribuS,
999 3251 1262 3302 nostrum
1305 3241 1653 3310 inchoasse;
1697 3241 1782 3301 ita
1821 3262 2049 3321 semper
2077 3243 2427 3302 tetrametris
2457 3243 2528 3301 fi-

342 3336 501 3397 nisse
525 3356 542 3405 ;
587 3337 748 3417 quod
788 3339 1029 3398 Fabulae
1056 3338 1448 3418 catastrophe,
1490 3357 1628 3399 cum
1656 3357 1748 3397 res
1778 3338 2129 3420 turbulentae
2158 3339 2441 3418 paulatim
2470 3348 2529 3398 et

343 3449 500 3511 aegre
528 3431 1003 3507 consilescerent,
1046 3433 1161 3496 hoc
1189 3435 1462 3496 carminis
1492 3451 1679 3515 genus
1705 3434 2052 3515 postularet,
2081 3455 2297 3515 magno
2327 3436 2530 3514 spiritu
2629 3483 2637 3492 .

343 3526 790 3591 effundendum.
870 3532 1003 3591 Prae
1031 3530 1304 3592 omnibus
1333 3543 1528 3591 tamen
1559 3530 1842 3592 trochaici
1870 3532 2029 3611 pleni
2057 3533 2285 3591 firmum
2315 3532 2529 3592 actoris

341 3624 498 3686 latus
526 3627 934 3706 requirebant;
980 3627 1082 3707 qui
1111 3641 1413 3705 nunquam
1443 3627 1670 3687 scilicet
1696 3627 1810 3687 nisi
1848 3627 1907 3686 in
1936 3628 2189 3688 maximo
2216 3627 2531 3687 affectuum

345 3731 574 3783 tumore
605 3723 845 3783 veniunt
870 3743 888 3793 3
928 3724 1223 3797 efferendi,
1253 3743 1394 3795 nou,
1423 3733 1490 3783 ut
1521 3724 1760 3802 quidam
1790 3733 2114 3795 autumant,
2145 3724 2310 3782 tarde
2343 3723 2532 3784 lente-

345 3839 480 3899 que,
510 3818 617 3880 sed
642 3821 896 3880 clamore
926 3841 1172 3893 summo,
1200 3840 1336 3880 cum
1365 3821 1565 3880 labore
1590 3839 1889 3880 maxumo,
1973 3818 2147 3878 Unde
2175 3821 2415 3892 factum,
2444 3829 2531 3891 ut,

345 3935 480 4002 cum
511 3916 657 3977 alias
684 3917 745 3977 in
776 3917 998 3997 διποδίᾳ
1024 3918 1290 3998 spondaei
1316 3917 1412 3978 vel
1455 3917 1743 3996 anapaesti
1790 3916 2139 3995 placuerint,
2180 3916 2241 3974 in
2289 3917 2383 3975 his
2412 3927 2532 3977 tro*-

348 4011 495 4071 chaei
526 4013 617 4072 vel
646 4012 866 4095 dactyli
895 4015 1093 4075 studio
1123 4024 1501 4096 quaerantur:

411 4133 582 4185 Credo
602 4134 842 4200 equidem
864 4135 1119 4201 illumjam
1144 4133 1442 4200 affuturum,
1461 4144 1522 4187 ut
1541 4135 1681 4187 illam
1705 4149 1736 4185 a
1758 4148 1842 4185 me
1860 4134 2082 4199 eripiat:
2142 4136 2253 4188 sine
2294 4137 2468 4188 veniat

414 4214 592 4282 Atqui,
624 4216 667 4266 si
690 4215 828 4267 illam
853 4216 1015 4284 digito
1041 4219 1295 4283 attigerit,
1316 4218 1453 4270 oculi
1474 4219 1553 4270 illi
1572 4218 1714 4269 illico
1737 4215 2079 4268 effodiantur:
