3050 4942
1037 368 1135 416 nn
1185 367 1460 422 Marsis
1507 368 1835 417 comicis.
2415 343 2541 417 '231

342 511 508 571 tione
535 511 777 592 longam
817 509 1050 585 reddat,
1097 510 1192 572 vel
1220 519 1287 571 ut
1311 510 1534 571 vocalis
1562 510 1778 583 finalis,
1828 529 1961 589 quae
1989 518 2390 589 praecesserat,
2419 530 2539 571 non

340 607 619 668 elidatur.
704 609 836 669 Hoc
863 608 1080 668 Plauto
1109 616 1496 689 perpetuum:
1541 607 1647 667 sed
1686 607 1990 667 Terentius
2014 608 2376 685 parcissime.

429 704 580 764 Haec
610 716 806 765 autem
828 725 900 765 ea
926 705 1047 765 fere
1078 715 1217 765 sunt
1241 725 1376 783 quae
1406 705 1482 765 de
1509 703 1758 764 licentiis
1788 702 2043 763 dicenda
2068 704 2267 775 habui,
2286 724 2534 782 quarum

339 800 637 878 quasdam
695 802 756 860 in
822 800 1118 883 prosodiae
1192 800 1357 880 leges
1386 811 1448 860 et
1503 800 1921 881 pronuntiandi
1975 800 2231 859 rationes
2297 797 2536 859 nimium

338 917 591 977 peccare
618 918 739 957 non
767 897 1131 958 diffitendum
1160 905 1272 955 est.
1357 895 1474 956 Sed
1518 897 1651 955 istae
1680 897 1979 975 pleraeque
2006 915 2208 956 omnes
2240 895 2534 956 Plautinae

343 1004 525 1061 sunt:
557 995 864 1055 Terentius
893 1005 954 1054 et
969 992 1207 1053 modum
1227 992 1512 1067 adhibuit,
1535 994 1695 1073 quod
1719 993 1796 1053 ad
1824 993 2187 1054 licentiarum
2212 1013 2537 1067 numerum,

340 1097 408 1148 et
433 1090 578 1149 miro
605 1089 841 1151 delectu
868 1110 1013 1151 usus
1044 1097 1156 1162 est,
1186 1088 1348 1168 quod
1390 1088 1468 1149 ad
1510 1109 1711 1149 earum
1759 1109 1996 1169 genera,
2033 1098 2094 1150 et
2121 1109 2159 1149 a
2183 1109 2302 1150 non
2330 1088 2535 1170 paucis

340 1185 582 1262 penitus
613 1186 917 1247 abstinuit.

426 1281 487 1340 Is
514 1282 752 1361 quidem
795 1294 919 1343 tam
965 1292 1130 1344 caste
1175 1283 1315 1361 egit,
1339 1291 1460 1342 tam
1491 1302 1705 1362 parcus
1734 1284 1848 1343 fuit
1890 1284 1952 1342 in
1992 1282 2245 1344 licentiis
2275 1282 2535 1357 utendis,

337 1376 415 1435 iis
435 1377 764 1457 praesertim
790 1398 927 1457 quae
965 1397 1136 1440 veras
1164 1379 1471 1438 verborum
1498 1379 1858 1457 quantitates
1889 1389 2109 1459 augent
2138 1388 2315 1459 atque
2342 1380 2537 1438 inten-

340 1472 514 1546 dunt,
542 1484 611 1534 ut
639 1494 797 1554 saepe
841 1476 901 1533 in
947 1474 1236 1547 iambiciS,
1281 1495 1416 1536 cum
1461 1475 1760 1537 licentiam
1806 1478 2128 1537 adhibitam
2157 1487 2351 1559 puteS,
2395 1477 2534 1535 dum

337 1569 402 1627 in
429 1569 686 1647 legendo
728 1572 1006 1650 legitimae
1055 1573 1519 1651 pronuntiationi
1566 1583 1626 1633 et
1675 1575 1921 1634 sectioni
1957 1577 2018 1632 in
2046 1573 2399 1633 ditrochaeos
2422 1574 2536 1632 ob-

337 1674 633 1747 temperas
656 1687 673 1736 3
723 1668 773 1727 si
800 1678 997 1732 tamen
1034 1686 1268 1729 versum
1294 1670 1371 1730 ad
1399 1688 1571 1729 veros
1599 1669 1783 1749 pedes
1812 1670 2040 1749 exigas,
2067 1670 2291 1729 nullam
2320 1668 2373 1728 ei
2402 1689 2535 1730 sus-

336 1762 628 1823 tentando
657 1762 953 1825 licentiam
982 1765 1375 1826 necessariam
1421 1785 1555 1827 esse
1597 1766 2027 1846 deprehendas.
2110 1764 2262 1824 Vide
2292 1764 2449 1823 And.
2482 1784 2532 1824 1.

340 1864 403 1921 5.
433 1860 573 1921 54?
627 1860 788 1922 And.
819 1881 866 1922 1.
894 1865 953 1923 5.
991 1862 1118 1922 142·
1173 1863 1332 1923 And.
1358 1882 1453 1923 ιν.
1478 1866 1533 1924 1.
1556 1865 1656 1921 58.
1707 1863 1860 1922 Eun.
1884 1882 1998 1922 111.
2022 1865 2080 1923 5.
2110 1863 2203 1920 12.
2256 1861 2408 1920 Eun.
2435 1880 2531 1920 ιν.

340 1960 399 2017 3.
429 1959 528 2017 23.
557 1967 619 2016 et
644 1959 705 2018 4.
735 1958 828 2016 6.*
886 1959 1041 2019 Eun.
1073 1977 1137 2017 v.
1172 1962 1226 2018 l.
1261 1958 1389 2018 17:¹⁵
1446 1958 1670 2017 Heaut.
1702 1978 1814 2019 111.
1863 1961 1917 2017 l.
1950 1956 2044 2017 6.*
2100 1957 2321 2016 Heaut.
2364 1975 2428 2016 v.
2480 1959 2538 2017 1.

336 2053 470 2112 502
529 2053 683 2114 Hec.
716 2073 812 2114 ιν.
846 2057 900 2114 1.
928 2057 1030 2114 46.
1086 2051 1237 2115 Hec.
1268 2074 1363 2115 Iv-
1393 2057 1451 2114 2.
1481 2056 1618 2113 29.*
1669 2054 1911 2113 Phorm.
1943 2074 1990 2112 1.
2020 2058 2077 2114 2.
2102 2053 2236 2113 96:¹⁵
2291 2052 2535 2115 Phorm.

339 2167 448 2209 111.
486 2151 540 2208 1.
576 2152 670 2210 10.
728 2149 968 2210 Phorm.
999 2171 1113 2210 111.
1143 2154 1201 2209 2.
1231 2153 1333 2211 44.
1417 2152 1570 2220 Quae
1613 2171 1748 2211 cum
1776 2150 2060 2229 recogit0,
2089 2145 2424 2209 Terentium
2453 2148 2560 2232 ad·

331 2264 501 2306 veras
522 2266 737 2306 vocum
761 2248 1119 2326 quantitates
1148 2248 1336 2327 magis
1366 2265 1545 2327 quam
1567 2247 1644 2306 ad
1668 2245 2089 2327 pronuntiandi
2116 2244 2372 2305 rationes
2396 2244 2527 2321 ‚ani-

334 2363 494 2403 mum
520 2343 584 2401 in
614 2344 877 2423 pluribus
907 2344 1228 2404 advertisse
1251 2344 1533 2412 arbitron
1563 2342 1813 2422 ideoque
1839 2352 2003 2402 muto
2021 2342 2147 2421 jam
2175 2340 2528 2401 sententiam

333 2438 396 2497 in
439 2440 511 2498 iis
561 2459 634 2499 ex
676 2438 824 2500 locis
873 2440 1154 2513 laudatiS,
1201 2440 1413 2519 quibus
1459 2441 1694 2520 signum
1743 2440 1858 2498 hoc
1886 2439 1917 2468 ⁴*
1946 2437 2216 2520 apposui,
2245 2448 2305 2497 et
2331 2457 2532 2498 eorum

336 2535 632 2595 sectiones
660 2535 738 2594 ad
768 2555 936 2596 veras
963 2537 1271 2596 verborum
1314 2537 1677 2614 quantitates
1727 2534 1933 2611 refingi
1968 2532 2167 2605 velim,
2211 2542 2419 2592 contra
2459 2552 2532 2593 ac

332 2633 638 2710 putabam,
666 2651 799 2691 cum
829 2644 1001 2693 notas
1030 2630 1108 2692 ad
1137 2651 1210 2692 ea
1238 2632 1572 2706 scriberem,
1601 2629 1893 2691 Plautinis
1920 2628 2172 2689 licentiis
2201 2648 2374 2706 aequo
2405 2638 2531 2687 tum

334 2727 484 2788 forte
514 2726 828 2788 addictior.
878 2731 891 2745 ‘

412 2822 534 2882 Sed
565 2833 626 2883 et
654 2823 780 2904 ipse
809 2845 1045 2905 quoque
1072 2826 1381 2886 Terentius
1411 2825 1472 2884 in
1504 2843 1704 2883 earum
1732 2843 1846 2882 usu
1877 2821 2088 2880 nimius
2115 2817 2410 2878 videbitur
2434 2817 2529 2890 iis,

332 2919 435 2997 qui
462 2919 635 2979 novis
665 2918 856 2980 solum
883 2923 1178 3001 Augustei
1221 2922 1426 2983 saeculi
1467 2920 1656 3001 poetis
1684 2918 1951 2999 legendis
1984 2917 2370 2988 assueverint,
2400 2914 2532 2975 nul-

331 3013 451 3074 ium
478 3034 619 3076 vero
646 3016 706 3074 in
735 3016 1043 3077 Veteribus
1084 3018 1250 3080 hisce
1301 3018 1570 3099 legendis
1612 3028 1846 3095 tempus
1892 3013 2218 3096 posuerint.
2298 3013 2392 3072 Ab
2431 3010 2527 3070 his

331 3122 648 3190 quaeretur,
677 3133 782 3173 cur
810 3133 930 3174 non
958 3115 1268 3176 Terentius
1311 3116 1561 3177 eandem
1601 3115 1660 3173 in
1702 3097 1958 3173 numeris
1986 3111 2298 3221 puritatem
2328 3126 2527 3168 serva·

335 3208 499 3282 verit,
529 3227 600 3268 ac
629 3208 868 3270 Graeci
852 3231 914 3270 in
942 3210 1065 3271 suis
1095 3212 1441 3285 Comoediis,
1483 3221 1589 3272 aut
1614 3211 1806 3272 Latini
1839 3209 2017 3270 etiam
2053 3206 2168 3287 ipsi
2193 3207 2255 3265 in
2285 3193 2527 3284 Tragoe-

332 3301 443 3365 diis
470 3306 921 3402 componendis.
1003 3307 1185 3375 Quod
1223 3306 1298 3368 ad
1344 3308 1615 3380 Graecos,
1665 3307 1716 3365 si
1747 3303 2054 3365 Terentius
2082 3320 2185 3362 eos
2213 3319 2334 3360 non
2362 3318 2525 3359 asse-

329 3408 505 3460 cutus
534 3411 630 3459 est
652 3400 811 3460 hac
796 3421 857 3460 1n
904 3411 1094 3480 parte,
1133 3403 1197 3461 in
1242 3402 1369 3463 aliis
1418 3402 1576 3462 enim
1616 3421 1738 3462 non
1764 3419 1896 3461 raro
1926 3397 2243 3479 superavit,
2284 3395 2348 3454 id
2398 3413 2520 3454 non

329 3498 524 3574 poetae
552 3495 660 3555 sed
686 3496 908 3575 linguae
939 3497 1118 3578 culpa
1143 3497 1277 3557 fieri
1305 3506 1472 3577 puto,
1516 3518 1653 3577 quae
1681 3507 1802 3556 tam
1832 3495 2000 3568 dura,
2028 3503 2148 3552 tam
2177 3509 2408 3571 aspera,
2436 3499 2528 3549 tot

329 3590 610 3651 consonis
637 3592 906 3665 obsessa,
951 3603 1041 3653 tot
1079 3593 1436 3654 elisionibus·
1476 3594 1751 3666 obnoxia,
1800 3601 1887 3664 ut,
1935 3589 2096 3669 quod
2126 3587 2523 3656 Quintilianus

331 3686 497 3762 dixit,
527 3694 545 3724 ‘
567 3689 774 3747 Sermo
799 3690 925 3768 ipse
952 3688 1259 3749 Romanus
1301 3709 1422 3750 non
1462 3690 1719 3768 recipere
1749 3687 2016 3745 videatur
2057 3684 2220 3744 illam
2250 3681 2393 3741 solis
2415 3681 2525 3739 At-

330 3782 458 3842 ticis
486 3802 835 3844 concessam
861 3784 1172 3858 Venerem,
1201 3785 1441 3864 quando
1470 3803 1606 3844 eam
1652 3803 1728 3843 ne
1769 3781 1969 3840 Graeci
2018 3777 2256 3857 quidem
2298 3776 2357 3835 in
2403 3776 2522 3835 alio

332 3896 542 3955 genere
562 3878 784 3957 linguae
828 3880 1185 3940 obtinuerint
1206 3885 1243 3939 :’
1284 3879 1445 3959 quod
1471 3879 1548 3939 de
1570 3896 1943 3937 numerorum
1973 3884 2034 3935 et
2063 3893 2332 3935 versuum
2361 3870 2523 3950 apud

334 3972 575 4034 Graecos
599 3973 853 4052 puritate
879 3989 942 4034 et
967 3974 1257 4035 suavitate
1302 3995 1421 4034 non
1471 3974 1665 4033 minus
1712 3992 1913 4032 verum
1959 3979 2071 4042 est,
2104 3989 2280 4049 quam
2306 3967 2380 4028 de
2410 3967 2528 4029 alia

334 4069 534 4148 quavis
565 4069 889 4130 Comoediae
918 4071 1150 4133 Graecae
1178 4071 1543 4149 praestantia,
1574 4069 1732 4129 unde
1762 4079 1930 4129 tanta
1954 4068 2069 4127 illis
2100 4085 2277 4145 quarn
2302 4064 2522 4124 miran-

339 4175 427 4226 tur
448 4185 657 4229 omnes
697 4176 1000 4230 venustas.
1082 4167 1260 4237 Quod
1300 4187 1436 4231 vero
1480 4166 1821 4247 Tragoedias
1864 4163 2104 4225 Latinas
2162 4170 2412 4242 spectat,
2452 4178 2528 4222 ex
