3050 4942
533 392 669 462 25⁰
1206 407 1596 462 nrcsnnus
1649 409 2073 462 uenustus

537 553 644 617 sed
672 552 814 615 dum
857 553 1025 614 abest
1049 550 1212 633 quod
1240 572 1507 626 avemus,
1534 552 1829 614 credimus
1858 571 1934 613 an
1973 551 2076 633 qui
2114 551 2419 624 amant,.si
2444 549 2540 613 me
2569 567 2736 616 amas

534 651 745 730 inquit,
766 663 939 712 cocto
976 651 1119 711 num
1147 649 1322 712 adest
1348 650 1540 711 honor
1565 649 1743 711 idem.
1825 650 1896 712 In
1915 650 2009 711 his
2031 662 2229 712 autem
2258 649 2505 730 aliisque
2533 649 2738 712 simili-

531 749 647 808 bus
677 748 788 809 tria
815 757 955 810 sunt
981 745 1385 813 observanda3
1419 765 1725 826 nunquam
1758 746 1874 807 boc
1912 747 2036 808 fieri
2063 746 2179 808 nisi
2219 747 2282 807 in
2321 748 2502 807 verbo
2527 765 2738 807 mono-

535 844 802 925 syllabo:
849 843 1014 924 quod
1055 844 1298 905 verbnm
1337 843 1387 902 si
1416 842 1477 902 in
1505 843 1767 904 vocalem
1817 842 1958 916 exit,
2001 853 2235 922 oportet
2276 842 2564 923 syllabam
2602 862 2738 904 esse

531 940 816 1021 longam;
846 941 1028 1002 ictum
1054 940 1313 1019 denique
1338 938 1556 1000 babere
1576 939 1637 998 in
1666 938 1856 1017 prima
1878 938 2111 1020 syllaba
2139 941 2463 1019 anapoesti.·
2506 940 2739 1000 Harum

533 1056 675 1097 vero
717 1038 1122 1102 conditionum
1164 1036 1499 1117 ignorantia
1535 1044 1683 1115 quot
1710 1055 1898 1117 nuper
1936 1037 2161 1118 peperit
2198 1036 2469 1097 errores?
2507 1037 2654 1102 dum
2680 1047 2740 1097 et

534 1134 595 1193 in
635 1134 1020 1216 polysyllabis
1062 1135 1278 1207 verbiS,
1326 1144 1389 1195 et
1431 1134 1492 1194 in
1543 1133 1790 1215 syllabis
1834 1134 2132 1206 brevibus,
2170 1144 2233 1194 et
2257 1133 2316 1194 in
2347 1133 2543 1196 aliena
2570 1133 2738 1206 sede,

538 1250 718 1310 posse
746 1233 870 1293 fieri
899 1231 1013 1293 hoc
1035 1233 1472 1294 existimabant.

616 1330 815 1409 Atque
855 1329 1146 1391 hactenus
1192 1329 1269 1391 de
1316 1328 1558 1389 licentia
1602 1327 1980 1400 Terentiana,
2020 1326 2212 1407 deque
2260 1327 2389 1407 ejus
2430 1327 2741 1402 limitibus,

536 1426 786 1488 modicis
816 1446 960 1488 sane
988 1427 1108 1488 illis
1137 1444 1330 1507 neque
1357 1426 1746 1502 incommodis
1771 1446 1787 1486 ε
1819 1425 2054 1505 qualem
2082 1422 2258 1485 hodie
2286 1424 2347 1484 in
2376 1426 2569 1505 poetis
2599 1446 2739 1486 nos·

534 1523 785 1586 natibus
827 1524 1131 1604 patriaque
1174 1523 1382 1602 lingua
1417 1522 1711 1603 patienter
1753 1522 2014 1584 ferimus.
2098 1519 2259 1589 Quin
2306 1531 2368 1582 et
2394 1522 2584 1582 ausim
2612 1523 2742 1603 pol-

534 1619 698 1681 liceri
727 1641 1093 1701 sponsorque
1120 1622 1265 1695 fore,
1306 1618 1572 1700 quemvis
1602 1618 2063 1692 adolescentem,
2105 1618 2369 1698 vulgaris
2395 1618 2576 1679 modo
2604 1638 2744 1699 pro-

537 1716 725 1778 sodiae
773 1727 835 1778 et
878 1719 1231 1799 syllabarum
1282 1717 1631 1797 quantitatis
1676 1716 2011 1789 callentem,
2067 1715 2224 1781 lecta
2269 1734 2392 1777 una
2439 1715 2746 1796 alteraque

536 1813 814 1875 editionis
836 1827 1055 1877 nostrae
1078 1835 1278 1889 scena,
1299 1835 1409 1876 suo
1434 1816 1629 1875 Marte
1651 1833 1722 1876 ac
1749 1814 1879 1874 sine
1905 1812 2190 1893 magistro
2217 1822 2406 1874 totum
2432 1812 2550 1873 hoc
2579 1812 2743 1892 quod

532 1912 821 1990 quaeritur
860 1922 1296 1993 percepturum.
1378 1914 1514 1983 Quo
1558 1912 1749 1992 magis
1784 1912 2014 1984 mirum,
2055 1910 2348 1990 quosdam
2374 1919 2573 1971 cetera
2599 1909 2744 1971 doc-

534 2006 819 2082 tissimos,
848 2011 957 2071 sed
984 2011 1046 2070 in
1073 2010 1166 2071 his
1195 2012 1371 2072 rebus
1397 2008 1579 2091 paulo
1605 2011 2099 2090 ὀψιμαθεστέρουε,
2128 2017 2250 2068 tam
2277 2003 2594 2067 immodica
2616 2027 2743 2066 ver-

536 2103 747 2168 borum
774 2125 992 2187 pompa
1018 2127 1083 2168 se
1112 2117 1174 2168 et
1201 2126 1440 2186 operam
1473 2126 1645 2166 suam
1673 2105 1915 2166 efferre:
1960 2103 2132 2183 quasi
2158 2112 2341 2164 tantae
2381 2102 2553 2162 molis
2583 2113 2747 2163 esset

539 2198 868 2261 Romanam
900 2224 1061 2263 nunc
1086 2204 1407 2276 licentiam,
1449 2212 1693 2282 quantae
1736 2203 1873 2263 olim
1919 2210 2047 2261 erat
2092 2211 2351 2280 gentem,
2378 2199 2741 2259 condidisse.

538 2296 752 2376 Neque
779 2308 999 2372 tamen,
1041 2300 1091 2360 si
1118 2299 1234 2379 ipsi
1262 2298 1546 2360 audiendi
1575 2309 1740 2369 sunt,
1778 2297 2067 2359 immerito
2097 2296 2460 2377 gloriantur:
2503 2315 2643 2355 cum
2670 2314 2743 2356 ex

538 2411 741 2454 eorum
773 2397 1065 2457 sententia
1093 2395 1238 2457 nibil
1278 2414 1395 2456 non
1425 2395 1721 2456 veteribus
1749 2394 2010 2456 Cornicis
2040 2402 2101 2454 et
2127 2392 2357 2453 licuerit
2379 2403 2440 2451 et
2466 2392 2738 2453 libuerit:

537 2500 608 2550 ut
634 2499 754 2550 tam
782 2512 954 2571 vagae
983 2493 1234 2555 licentiae
1261 2492 1475 2554 limites
1504 2491 1658 2552 ullos
1702 2492 1996 2571 posuisse,
2035 2487 2276 2570 perinde
2303 2487 2382 2548 sit
2409 2508 2480 2548 ac
2509 2490 2746 2549 Sarma-

538 2594 634 2660 tas
671 2597 732 2648 et
761 2588 1025 2651 Gelonos
1068 2591 1222 2652 intra
1262 2608 1503 2668 campos
1552 2607 1693 2648 suos
1737 2586 2091 2648 coercuisse.
2177 2585 2470 2644 Nimirum
2511 2584 2576 2644 hi
2623 2605 2742 2645 non

530 2682 701 2764 ipsos
726 2686 956 2763 poetas,
979 2705 1099 2747 non
1128 2696 1314 2748 artem
1338 2695 1405 2747 et
1418 2684 1675 2765 rhythmi
1702 2684 1962 2764 genium,
1986 2681 2094 2743 sed
2123 2680 2393 2742 librarios
2415 2680 2528 2741 sibi
2555 2681 2747 2744 duces

538 2793 820 2850 sumunt:
864 2793 925 2845 et
965 2794 1055 2845 tot
1098 2784 1219 2846 fere
1258 2784 1630 2846 licentiarum
1656 2781 1887 2863 species
1919 2781 2028 2842 sibi
2055 2780 2311 2859 fingunt,
2349 2787 2501 2858 quot
2524 2778 2590 2840 in
2619 2789 2752 2841 toto

540 2876 759 2940 Plauto
785 2880 1179 2962 Terentioque
1207 2882 1439 2943 vitiosae
1475 2878 1764 2940 lectiones
1810 2897 1970 2939 nunc
2014 2885 2277 2945 restantz
2320 2876 2546 2956 unique
2587 2877 2747 2954 loco,

543 2974 646 3052 qui
681 2975 1090 3040 emendandus
1131 2988 1278 3052 erat,
1319 2996 1395 3038 ex
1432 2976 1617 3038 altero
1644 2995 1815 3055 oeque
1840 2973 2132 3035 mendoso
2158 2973 2551 3054 patrocinium
2580 2992 2749 3054 qun-

540 3078 701 3129 runt.
803 3071 966 3141 Quid
997 3073 1207 3133 mirum
1232 3073 1432 3153 igitur,
1474 3073 1546 3147 si,
1588 3091 1709 3151 quo
1756 3070 1942 3152 major
1983 3069 2057 3131 iis
2096 3079 2221 3130 tam
2267 3069 2439 3129 falsae
2484 3072 2752 3131 metricoe

542 3164 754 3226 notitia
780 3169 1051 3242 accrevit,
1091 3189 1164 3231 eo
1202 3172 1262 3231 in
1293 3170 1445 3242 dies,
1486 3180 1553 3230 ut
1579 3179 1934 3250 queruntur,
1976 3167 2168 3249 magis
2196 3166 2524 3228 decreverit
2547 3187 2754 3229 emen-

542 3260 850 3334 dationum
881 3284 1117 3326 suarum
1146 3265 1471 3328 numerus?
1552 3265 1736 3338 Illud,
1779 3265 1832 3326 si
1876 3264 2136 3337 dubitas,
2178 3262 2448 3342 exemplo
2488 3263 2606 3331 sit·
2649 3262 2755 3328 ubi

549 3356 750 3422 Plauti
797 3362 1147 3425 auctoritate
1195 3363 1382 3445 pedes
1426 3364 1675 3426 creticos
1724 3363 1788 3422 in
1830 3361 2107 3424 trimetris
2147 3360 2468 3421 asciscunt.
2555 3361 2757 3422 Locus

548 3454 1029 3536 elegantissimus.
1053 3472 1166 3536 est,
1193 3459 1553 3535 Trinummo,
1577 3481 1627 3522 1.
1647 3463 1708 3520 2.
1734 3459 1796 3519 in
1817 3460 2098 3531 urbanos,
2120 3476 2273 3537 quos
2299 3464 2475 3518 vocat
2493 3475 2754 3532 scurras,

714 3603 833 3673 Qui
869 3606 1066 3667 omnia
1095 3628 1159 3669 se
1189 3609 1471 3670 simulant
1498 3605 1671 3681 scire,
1710 3625 1820 3668 nec
1847 3601 2169 3685 quicquam
2198 3603 2429 3664 sciunt:

658 3763 661 3768 .
708 3695 888 3770 Quod
915 3704 1168 3786 quisque
1194 3706 1255 3765 in
1281 3707 1476 3767 animo
1504 3703 1688 3768 habet
1716 3701 2201 3774 aut'babiturfist,
2230 3700 2468 3760 sciunt:

704 3800 935 3875 Sciunt,
965 3802 1170 3882 quod
1156 3822 1216 3861 in
1246 3822 1444 3862 aurem
1473 3799 1576 3861 rex
1603 3801 1820 3881 reginae
1849 3796 2098 3858 dixerit.

712 3899 943 3978 Sciunt,
973 3901 1133 3981 quo'd
1161 3901 1321 3960 Juno
1348 3898 1673 3960 fabulatast
1697 3898 1833 3958 cum
1863 3896 2015 3957 Jove
2057 3914 2072 3954 ε

710 3994 862 4064 Quae
891 4016 1082 4076 neque
1111 3998 1175 4056 fu
1207 3995 1220 4077 Ι
1256 4006 1389 4073 tura
1415 4014 1608 4075 neque
1644 3992 1659 4075 ι
1691 3994 1852 4054 facta
1881 4003 2021 4053 sunt
2056 3989 2066 4073 Ι
2104 4001 2299 4052 tamen
2329 3959 2415 4049 illi
2444 3990 2728 4051 sciunt..

551 4137 722 4208 Duos
748 4138 867 4199 illic
895 4141 1143 4200 creticos
1173 4147 1513 4219 agnoscunt
1536 4148 1597 4200 et
1624 4137 1939 4219 accipiunt,
1956 4133 2327 4215 dactylorum
2348 4132 2574 4194 scilicet
2595 4134 2757 4196 vica-

542 4233 703 4292 rios:
746 4253 937 4311 neque
985 4235 1100 4295 hoc
1148 4234 1432 4310 contenti,
1476 4235 1785 4295 innumera
1824 4230 2163 4313 hujusmodi
2207 4239 2484 4310 portenta
2533 4229 2757 4296 Plauto

453 4783 585 4935 ἰ
