3050 4942
532 406 661 474 118
1452 424 1789 476 nunnus

531 573 548 602 ‘
569 566 697 647 Ego
723 586 982 627 meorum
1012 568 1173 628 solus
1205 586 1334 627 sum
1360 572 1569 630 meus.⁹
1609 566 2002 649 Apollodorus
2026 590 2043 630 t

528 663 685 740 Ἐγὼ
714 665 826 742 γάρ
851 668 967 744 εἶμι
992 666 1160 745 μόνος
1185 675 1295 726 τῶν
1324 666 1476 743 ἐμῶν
1496 667 1645 745 ἐμός.

1364 810 1501 871 Act.
1523 830 1620 872 ιν.
1654 812 1756 874 Sc.
1782 832 1866 873 ιν.

529 930 729 991 ‘Dicis
756 928 918 1010 quod
944 930 1082 990 mali
1111 934 1241 1002 est,'
1266 935 1381 992 διο.
1424 932 1792 993 Menander:

1027 1025 1245 1103 Λέγειε
1267 1031 1359 1087 ἀεὶ
1383 1030 1447 1089 τὸ
1475 1033 1713 1100 λυποῦν,

530 1125 734 1198 Μηδὲν
762 1128 1207 1202 ἀντιπαρατιθεὶς
1242 1134 1351 1187 τῶν
1376 1132 1867 1206 προσλεγομὲνων.

531 1223 769 1300 Semper
796 1220 955 1300 quod
997 1240 1301 1281 moerorem
1343 1220 1514 1282 affert
1558 1241 1782 1296 narras,
1827 1219 1970 1281 nihil
2021 1238 2222 1283 eorum
2252 1215 2505 1291 addens,
2556 1216 2719 1296 qnod

612 1315 994 1379 exadversum
1022 1317 1294 1402 alloquiis
1322 1320 1401 1380 sit
1424 1318 1721 1381 idoneum.

1215 1758 2027 1829 COMMENTARIUM

752 1920 1039 1982 RUFINI
1080 1920 1154 1981 V.
1198 1921 1276 1981 D.
1320 1919 1852 1981 GRAMMATICI
1892 1911 2500 1978 ANTIOCHENSIS

1114 2053 1203 2112 IN
1245 2052 1531 2112 METRA
1570 2047 2124 2112 TERENTIANA.

532 2221 923 2289 EvAn‘rmus
979 2230 1040 2288 in
1095 2227 1537 2289 Commentario
1584 2224 1849 2298 ¹Terentii
1895 2225 1972 2285 de
2027 2221 2277 2299 Fabula,
2321 2224 2437 2285 hoc
2482 2231 2597 2297 est,
2642 2222 2723 2282 d‘e

535 2324 857 2397 Comoedia,
888 2325 973 2385 sic
1007 2324 1189 2385 dicit:
1236 2324 1548 2386 Concinna
1576 2333 1944 2402 argumento,
1990 2321 2406 2383 consuetudini
2433 2337 2723 2401 congrua,

533 2418 690 2479 utilis
719 2420 1047 2495 sententiis,
1077 2429 1249 2500 grata
1278 2420 1521 2492 salibus,
1550 2429 1692 2498 apta
1718 2430 1903 2479 metro
1928 2439 1943 2478 t
1986 2430 2047 2479 et
2072 2429 2285 2498 postea
2312 2416 2431 2479 sic:
2474 2418 2723 2477 Veteres

534 2516 646 2576 etsi
674 2518 766 2576 usi
791 2516 901 2598 ipsi
921 2536 1155 2597 quoque
1193 2516 1393 2577 metris
1422 2515 1818 2595 negligentius
1848 2515 2081 2575 iambici
2106 2534 2312 2575 versus
2340 2513 2635 2574 duntaxat
2658 2514 2719 2572 in

532 2613 796 2674 secundo
825 2625 887 2675 et
933 2623 1144 2693 quarto
1183 2615 1339 2686 loco,
1385 2622 1584 2673 tamen
1630 2631 1666 2671 a
1707 2612 1979 2673 Terentio
2023 2613 2337 2672 vincuntur
2361 2611 2723 2672 resolutione

526 2709 702 2790 hujus
750 2712 918 2772 metri
957 2721 1243 2791 quantum
1290 2710 1628 2772 comminuti
1678 2709 1754 2769 ad
1800 2708 2113 2788 imaginem
2162 2726 2355 2786 prosse
2412 2707 2718 2768 orationis.

526 2809 718 2888 Asper
744 2808 804 2867 in
835 2809 1268 2869 Commentario
1296 2806 1550 2868 Terentii
1574 2808 1695 2867 sic:
1738 2806 1936 2867 Hosce
1960 2824 2166 2865 versus
2188 2823 2364 2885 agere
2394 2805 2714 2883 coepissett

506 2909 609 2965 ita
634 2912 708 2965 ne
733 2911 915 2984 patris
945 2906 1030 2966 ais
1058 2905 1371 2966 adventum
1398 2908 1588 2964 veriti'i
1612 2900 1750 2961 hinc
1776 2903 1969 2961 abisse
1995 2900 2257 2961 domum.
2328 2900 2408 2959 Et
2432 2899 2716 2980 deinceps

526 3020 661 3086 quse
710 3011 1035 3080 sequuntur
1080 3000 1371 3080 quadrati.
1464 2998 1786 3058 Diomedes
1836 2999 1954 3059 sic:
2020 2998 2427 3079 Septenarium
2482 3016 2716 3057 versum

395 3074 402 3080 ⁸
524 3098 712 3160 Varro
739 3097 862 3157 fieri
885 3097 1028 3157 dicit
1048 3098 1163 3157 hoc
1192 3096 1389 3169 modo,
1421 3116 1555 3156 cum
1575 3096 1651 3155 ad
1672 3097 1929 3157 iambum
1969 3097 2310 3178 trisyllabus
2332 3118 2438 3179 pes
2459 3096 2722 3170 additur,

525 3204 585 3253 et
614 3194 682 3253 fit
709 3195 862 3254 tale:
905 3193 1054 3275 quid
1093 3194 1533 3253 immerentibus
1565 3192 1789 3253 noces?
1829 3193 1969 3272 quid
2001 3194 2227 3254 invides
2257 3193 2501 3254 amicis?
2539 3193 2717 3253 Simi-

523 3290 653 3350 liter
680 3291 742 3349 in
766 3290 1037 3351 Terentio
1063 3309 1267 3351 versus
1291 3298 1420 3350 est:
1464 3289 1620 3348 Nam
1650 3298 1701 3349 si
1719 3290 2015 3350 remittant
2034 3295 2329 3371 quippiam
2350 3289 2718 3351 Philumenae

524 3386 778 3447 dolores.
865 3388 942 3447 Et
970 3388 1029 3446 in
1054 3386 1266 3448 Plauto
1295 3406 1456 3468 soepe
1495 3386 1646 3448 tales
1687 3388 2075 3469 reperiuntur.
2158 3387 2345 3455 Varro
2372 3387 2447 3448 de
2479 3387 2717 3468 Lingua

521 3483 732 3544 Latina
760 3483 836 3544 ad
867 3483 1212 3543 Marcellum
1243 3484 1327 3543 sic
1353 3503 1368 3543 ε
1433 3483 1630 3552 Quare
1674 3483 1734 3542 in
1764 3483 2101 3562 hujusmodi
2128 3483 2276 3544 locis
2318 3485 2458 3562 poni
2480 3494 2719 3564 oportet

520 3589 721 3639 notam
770 3581 829 3639 in
872 3589 1268 3640 transversum
1318 3579 1467 3640 inter
1514 3579 1798 3661 syllabaS,
1850 3580 2214 3658 frequentius
2266 3581 2344 3640 ad
2390 3591 2715 3641 extremum

518 3675 769 3749 versum,
798 3677 1107 3748 senarium,
1136 3686 1196 3737 et
1222 3677 1458 3750 similes,
1495 3677 1557 3746 tsi
1585 3697 1691 3758 pro
1717 3677 1900 3758 longa
1924 3678 2155 3737 brevem
2183 3677 2510 3751 habebunt,
2547 3688 2616 3737 ut
2642 3679 2706 3738 in

515 3773 669 3833 hoc:
715 3779 933 3834 amictis
983 3783 1242 3835 summus
1291 3777 1451 3836 metis
1492 3784 1554 3835 et
1599 3773 1893 3855 popularis
1943 3772 2116 3836 Geta.
2224 3773 2534 3835 Charisius
2575 3775 2663 3836 sic
2690 3796 2709 3836 z

520 3870 928 3948 Septenarium
956 3890 1188 3931 versum
1225 3871 1347 3931 fieri
1394 3870 1537 3930 dicit
1565 3871 1750 3931 Varro
1780 3870 1896 3930 hoc
1925 3870 2124 3944 modo,
2160 3892 2296 3931 cum
2325 3872 2404 3932 ad
2448 3872 2712 3946 iambum

519 3963 859 4043 trisyllabus
886 3985 990 4046 pes
1016 3966 1269 4039 additur,
1297 3977 1363 4026 ut
1387 3965 1697 4046 praefatum
1726 3975 1839 4025 est.
1923 3966 2167 4025 Bassius
2198 3966 2275 4026 ad
2306 3966 2606 4026 Neronem
2637 3967 2712 4029 de

520 4062 765 4122 iambico
795 4064 879 4123 sic
908 4063 1095 4123 dixit:
1125 4064 1417 4124 lambiens
1444 4072 1641 4123 autem
1659 4082 1793 4121 cum
1809 4061 1989 4142 pedes
2012 4062 2187 4123 etiam
2218 4061 2498 4141 dactylici
2527 4083 2711 4142 gene·

511 4155 594 4217 ris
613 4170 893 4231 assumat,
905 4158 1123 4219 desinit
1136 4160 1417 4220 iambicus
1443 4158 1642 4232 videri,
1662 4158 1776 4218 nisi
1797 4161 2174 4238 percussione
2191 4160 2276 4220 ita
2291 4160 2713 4235 moderareriS,

518 4263 601 4327 ut,
629 4274 762 4316 cum
790 4254 1001 4334 pedem
1039 4255 1367 4334 supplodis‚
1414 4254 1725 4315 iambicum
1755 4253 1969 4318 ferias:
2011 4255 2260 4336 ideoque
2289 4257 2392 4317 illa
2416 4256 2551 4318 loca
2574 4277 2710 4338 per·
