3050 4942
852 412 954 460 nn
998 409 1303 461 comicis
1354 411 1983 465 nmeusromsus.
2382 395 2512 466 145

314 556 459 619 sede
501 557 622 619 hoc
660 557 914 630 eveniat,
962 557 1171 618 eadem
1216 555 1614 618 validissimus
1663 558 1930 619 ratione:
1977 557 2171 637 'qualis
2200 558 2396 619 'etiam
2434 579 2509 620 ex

318 655 1024 717 Heautontimorumeno:
1068 656 1277 715 ‘Itane
1321 664 1721 734 comparatam
1749 673 1881 715 esse
1909 654 2213 715 hominum
2239 651 2510 717 naturam

313 752 618 816 omnium.’
700 753 890 822 Quem
936 771 1168 813 versum
1214 752 1317 832 qui
1362 753 1726 813 trochaicum
1774 762 2003 833 putent,
2045 773 2237 832 nugas
2280 765 2464 832 agant
2488 774 2511 815 τ

313 848 446 910 hoec
475 849 635 909 enim
662 849 809 929 fuga
830 870 1026 929 neque
1054 850 1391 910 necessaria
1417 860 1531 923 est,
1577 862 1639 911 et
1665 860 1759 910 est
1785 851 2023 910 frustra.
2103 851 2257 910 Nam
2286 850 2345 909 in
2375 871 2509 930 pro-

312 945 454 1025 logo
483 945 910 1026 Adelphorum,
935 966 1072 1026 quae
1102 966 1237 1027 pars
1266 966 1399 1007 esse
1425 945 1605 1007 debet
1632 946 2018 1027 politissima:
2050 951 2066 981 ‘
2091 946 2316 1007 Indicio
2343 946 2418 1007 d'e
2446 968 2512 1007 se

312 1042 442 1122 ipse
468 1043 621 1103 erit:
665 1029 769 1103 vos
799 1043 957 1105 eritis
994 1042 1269 1124 judices?
1353 1044 1422 1102 In
1462 1041 1671 1103 eadem
1715 1041 1976 1105 Fabula:
2022 1049 2037 1076 ‘
2064 1042 2255 1110 Quam
2285 1052 2388 1103 aut
2413 1042 2509 1103 hic

315 1158 476 1199 nunc
524 1160 761 1201 manere
805 1141 1073 1202 tamdiu:
1118 1150 1222 1201 aut
1264 1160 1422 1200 nunc
1462 1139 1778 1220 persequi!
1860 1140 2064 1218 Inepte
2108 1138 2404 1200 divertunt
2431 1140 2511 1199 ad

312 1237 674 1298 trochaicus.
754 1238 912 1307 Quid
961 1239 1117 1300 enim
1168 1238 1228 1297 in
1277 1239 1387 1300 illo
1432 1236 1673 1298 dicent?
1723 1236 1879 1298 ‘Ille
1927 1236 2131 1309 futilis,
2176 1237 2508 1299 somnium:

314 1332 541 1393 sineres
569 1348 707 1395 vero
734 1336 899 1396 illum
928 1345 1091 1396 tuum
1112 1335 1156 1395 ’.θ’
1217 1335 1451 1396 Etenim
1496 1332 1788 1395 trochoeos
1827 1344 2173 1414 extorquere
2216 1345 2513 1413 nequeant

312 1449 388 1488 ex
416 1449 510 1491 eo.
586 1432 676 1491 Et·
687 1432 754 1492 in
778 1433 1102 1495 Eunucho:
1141 1441 1157 1469 ‘
1182 1434 1304 1494 Sed
1332 1434 1625 1493 neminem
1656 1432 1951 1493 curiosum
1977 1431 2323 1491 intervenire
2353 1445 2512 1491 nunc

312 1525 504 1585 mihi!
581 1528 775 1597 Quem
817 1530 1101 1591 Erasmus
1124 1549 1358 1601 versum
1397 1549 1505 1609 pro
1544 1530 1775 1589 senario
1802 1527 2202 1608 imprudenter
2227 1546 2359 1588 sese
2389 1548 2511 1587 me-

311 1622 492 1683 titum
532 1644 668 1686 esse
711 1636 903 1705 putat.
987 1628 1065 1686 Et
1109 1628 1172 1687 in
1217 1628 1495 1707 Hecyra:
1541 1628 1626 1686 ‘A
1680 1625 1986 1707 Myrrhina
2021 1625 2152 1685 haec
2199 1638 2338 1685 sunt
2379 1629 2513 1684 mea

314 1732 502 1780 uxore
529 1732 735 1783 exorta
761 1724 999 1786 omnia!
1069 1725 1148 1783 Et
1173 1723 1234 1781 in
1265 1721 1515 1784 Poenulo
1540 1742 1556 1782 t
1602 1732 1620 1758 ⁶
1648 1724 1877 1802 Perque
1906 1742 2068 1783 meos
2098 1740 2348 1794 amores,
2379 1742 2511 1801 per·-

310 1837 430 1895 que
460 1818 886 1899 Adelphasium
913 1822 1146 1882 meam?
1203 1822 1280 1881 Et
1305 1821 1366 1880 in
1396 1820 1856 1900 Amphitryone:
1897 1828 1914 1855 ‘
1941 1820 2215 1879 Inimicos
2244 1837 2353 1878 osa
2380 1839 2511 1878 sum

312 1933 549 1993 semper
575 1918 913 1978 obtuerier.'
994 1920 1142 1978 Item
1168 1919 1230 1978 in
1255 1917 1570 1977 Asinaria:
1616 1924 1632 1951 ‘
1658 1917 1847 1976 De'am
1878 1916 1988 1976 sibi
2032 1916 2288 1988 invocet,
2333 1935 2512 1995 quam

311 2010 561 2082 iubebit,
604 2014 956 2093 propitiam..'
1035 2011 1113 2075 Et
1156 2014 1214 2072 in
1259 2013 1604 2074 Aulularia:
1647 2021 1665 2049 ‘
1695 2015 1925 2095 Nempe
1970 2014 2125 2075 sicut
2172 2013 2340 2073 dicis.
2370 2011 2512 2092 quid

310 2105 458 2166 hic?
501 2128 621 2168 non
670 2121 900 2191 poterat
946 2111 1021 2171 de
1066 2130 1175 2171 suo
1197 2111 1241 2170 ’ξ’
1324 2113 1414 2171 Ex
1463 2112 1727 2172 Casina:
1762 2112 1925 2172 ‘Aut
1966 2109 2137 2190 quasi
2188 2109 2511 2170 lumbricus

311 2212 527 2263 terram
557 2206 796 2284 quidem
824 2218 883 2268 te
911 2209 1217 2287 postules?
1272 2209 1442 2270 Sicut
1462 2227 1536 2268 ex
1561 2208 1862 2289 Captivis:
1893 2216 1912 2244 ⁶
1939 2208 2085 2267 Inde
2110 2213 2205 2267 me
2231 2207 2513 2266 continuo
2576 2274 2583 2280 ,
2640 2257 2649 2264 ,

311 2300 596 2380 recipiam
646 2324 874 2364 rursum
925 2304 1208 2366 domurn..’
1235 2312 1239 2316 '
1289 2307 1381 2365 Ex
1424 2307 1649 2367 Casina
1697 2306 1940 2367 alterum
1964 2326 1980 2365 ε
2032 2311 2051 2338 ‘
2081 2303 2241 2373 Quid
2288 2303 2467 2363 facies
2487 2303 2517 2363 ἲ

310 2397 672 2459 concludere
713 2402 776 2460 in
821 2402 1140 2463 fenestram
1181 2401 1465 2463 firmiter.’
1545 2402 1722 2471 Quod
1768 2403 1818 2461 si
1861 2401 2061 2462 dicant
2085 2400 2227 2461 elidi
2256 2398 2512 2473 sibilum,

310 2494 816 2570 quemadmodum
863 2499 922 2558 in
969 2499 1286 2559 Rudente:
1334 2506 1352 2533 ‘
1376 2498 1730 2558 Illustriores
1758 2497 1900 2557 fecit
1925 2497 2334 2575 fenestrasque
2360 2495 2513 2555 indi·

311 2590 401 2656 dit
417 2591 459 2651 :'
496 2593 745 2672 objicies
776 2595 922 2655 illud
951 2599 1027 2655 e'x
1054 2594 1395 2658 Aulularia:
1427 2601 1445 2629 ‘
1466 2594 1717 2674 AEdepol
1744 2592 2048 2653 mortalem
2073 2589 2249 2671 parce
2271 2611 2514 2670 parcum

309 2688 655 2765 praedicas!
708 2690 844 2758 Quo
872 2693 1005 2751 loco
1036 2693 1083 2751 si
1101 2690 1345 2769 jurandi
1371 2690 1713 2749 adverbium
1743 2688 2182 2768 pronuntiatum
2210 2698 2517 2748 autument
2561 2741 2565 2743 ,

314 2787 391 2846 ab
440 2786 704 2864 antiquis
761 2807 867 2867 per
913 2788 1124 2848 mediae
1174 2788 1422 2868 syllabae
1472 2786 1880 2856 exemtionem,
1937 2785 2114 2845 alium
2162 2803 2428 2864 opponas
2479 2805 2514 2844 e

311 2880 626 2943 Pseudulo
653 2903 668 2943 :
714 2890 730 2918 ‘
756 2885 932 2944 Nunc
960 2894 1063 2943 tuo
1103 2903 1238 2943 cum
1287 2883 1408 2941 filio
1454 2881 1601 2942 liber
1644 2881 1932 2941 accubat:
1978 2879 2215 2940 omnia!
2297 2879 2411 2939 Ubi
2463 2883 2515 2940 si

310 2978 540 3052 dicant,
583 2978 684 3051 ad,
720 2979 1190 3059 praepositionem
1219 2980 1276 3037 in
1305 2978 1735 3057 compositione
1761 2978 1937 3037 etiam
1965 2986 2295 3057 correptam
2321 2997 2514 3037 enun-

309 3075 439 3134 tiari
468 3077 897 3137 consuevisse:
939 3096 1273 3156 quaeramus
1302 3095 1434 3149 nos,
1479 3095 1662 3155 quare
1686 3076 1746 3134 in
1776 3076 1902 3136 aliis
1932 3074 2257 3136 carminum
2286 3075 2514 3155 generi—

310 3172 421 3231 bus
452 3171 640 3231 nullis
667 3172 896 3233 licuerit
922 3173 1058 3232 hoc.
1130 3172 1307 3242 Quod
1338 3173 1387 3232 si
1415 3171 1817 3251 respondeant
1843 3172 1905 3230 in
1933 3191 2117 3232 causa
2142 3191 2278 3232 esse
2303 3166 2514 3251 pedes-

311 3277 460 3328 trem
490 3287 563 3327 ac
592 3269 896 3349 vulgarem
924 3269 1249 3330 orationem
1269 3239 1467 3330 (hinc
1495 3270 1782 3330 instemus
1811 3275 1944 3342 nos,
1988 3289 2108 3329 non
2139 3269 2314 3329 valde
2342 3269 2515 3328 meri-

309 3373 431 3428 tam
457 3384 598 3426 esse
622 3364 778 3427 illius
806 3366 1116 3437 vilitatem,
1143 3376 1212 3426 ut
1237 3374 1358 3424 tam
1379 3367 1670 3426 accuratis
1694 3366 1936 3425 astricta
1956 3364 2211 3425 numeris
2233 3364 2514 3424 creticum

313 3472 767 3540 aspernaretur..
808 3464 1014 3542 Itaque
1045 3463 1284 3523 verbum
1312 3463 1746 3523 substantivum
1767 3461 2088 3541 aliquando
2110 3461 2271 3521 miris
2294 3470 2515 3520 torsere

313 3557 505 3617 modis
530 3576 547 3616 ε
590 3567 659 3615 ut
684 3558 744 3616 in
775 3557 966 3619 Milite
993 3557 1281 3618 Plautus:
1326 3563 1343 3592 ‘
1370 3558 1627 3617 Censen'
1654 3578 1791 3619 vero
1820 3560 1971 3619 adeo
1999 3577 2134 3618 esse
2160 3576 2426 3637 parcum,
2455 3565 2516 3616 et

314 3655 527 3713 misere
553 3653 794 3713 vivere?
837 3655 1022 3715 Dicas
1048 3674 1289 3715 uxorem
1318 3654 1421 3714 tibi
1448 3674 1582 3715 esse
1605 3674 1918 3715 necessum
1941 3653 2198 3715 ducere.’
2242 3652 2514 3732 Apertius

310 3769 450 3811 vero
476 3751 540 3809 in
595 3739 963 3831 Gurgulione
1010 3752 1262 3831 simplici
1290 3751 1460 3811 sibilo
1504 3752 1969 3830 pronuntiatur:
1997 3757 2014 3785 ⁴
2040 3750 2197 3809 Huic
2225 3749 2362 3808 anui
2390 3759 2512 3807 non

314 3847 458 3906 satis
487 3856 583 3906 est
610 3846 723 3908 soli
747 3868 763 3907 :
812 3854 1021 3908 canem
1047 3868 1182 3909 esse
1226 3849 1381 3908 hanc
1408 3847 1688 3926 quidem?
1771 3846 2045 3908 Ceterum
2074 3844 2206 3925 quis
2235 3842 2452 3932 eximet
2477 3863 2516 3902 a

310 3942 552 4003 cretico>
575 3962 808 4002 versum
835 3944 1002 4003 illum
1045 3964 1120 4004 ex
1162 3944 1500 4003 Trinummo
1530 3962 1546 4002 :
1609 3950 1625 3977 ‘
1661 3942 1754 4001 Sit
1781 3942 2165 4002 taciturnitati
2192 3940 2514 4001 clam-fidei

313 4057 387 4100 ac
412 4038 646 4099 fiduciae
670 4038 710 4099 :'
749 4040 861 4098 nisi
898 4040 1001 4118 qui
1045 4039 1124 4099 ad
1172 4039 1526 4100 trochaicam
1573 4058 1734 4099 aram
1779 4039 1942 4100 illam
1992 4038 2201 4099 misere
2230 4036 2515 4116 confuge-

206 4158 210 4162 *
312 4133 435 4194 rit?
474 4136 672 4203 Quare
700 4133 804 4194 illo
832 4134 1156 4196 obruantur
1188 4155 1262 4194 ex
1291 4134 1681 4213 Gurgulione,
1710 4153 1883 4214 quem
1927 4134 2235 4207 iambicuS,
2283 4143 2350 4193 ut
2379 4151 2512 4193 sese

314 4227 384 4290 in
406 4231 599 4291 omnia
617 4242 865 4306 vertant,
884 4233 1028 4311 quin
1052 4233 1148 4308 sit,
1170 4231 1401 4294 efficere
1430 4241 1730 4311 nequeant
1747 4237 1811 4293 :2‘
1834 4231 2022 4293 Liberi
2052 4231 2239 4312 lepos,
2265 4239 2332 4289 ut
2356 4239 2516 4290 vete·

446 4342 618 4408 Delph.
634 4350 685 4394 et
701 4345 821 4395 Vter.
845 4344 978 4397 Clas.
1324 4344 1514 4394 Terent.
2190 4402 2197 4408 ι
2323 4342 2378 4390 Κ
