3050 4942
1004 371 1100 417 nn
1147 368 1447 419 comcls
1493 367 1879 420 vnnslsus.
2390 354 2519 420 185

586 510 718 571 Υἱεῖ
745 513 862 592 ἐμᾷ
889 514 1068 573 κλυτὰ
1096 512 1306 593 τεύχεα
1333 510 1569 591 δόμεναι
1586 512 2039 591 παμφανόωντα.

342 606 455 666 Est
481 607 637 667 enim
665 608 918 687 δόμεναι,
946 599 1117 687 quasi
1144 607 1364 687 δόμναι,
1394 609 1567 680 sicut,
1597 607 1907 680 abietibus,
1936 615 1998 667 et
2022 607 2222 682 ariete,
2240 616 2301 669 et
2326 609 2517 690 parie-

337 702 539 763 tibus:
584 713 644 763 et
668 704 782 765 hoc
811 704 1183 764 Ennianum:

584 800 890 879 Capitibus
920 809 1197 861 nutantes
1225 801 1420 879 pinus,
1448 811 1757 880 rectasque
1785 820 2117 881 cupressos.
2505 857 2508 864 .

337 895 411 961 In
438 897 653 974 quibus
681 906 883 962 tamen,
923 897 1230 972 συλλήψεις
1278 908 1437 974 sunt,
1485 897 1862 975 pronuntiato
1892 898 1932 971 i,
1976 917 2082 978 pro
2127 906 2514 970 consonante,

340 991 496 1051 sieut
521 992 637 1052 hoc
664 1013 835 1053 versu
875 992 1002 1053 Ὀδ.
1030 994 1104 1069 γ’.

749 1089 937 1150 Πόλλ’
963 1087 1205 1169 ἐπιμῆρι’
1230 1092 1455 1169 ἔθεμεν.

338 1187 450 1246 Est
494 1187 649 1246 enim
677 1186 824 1266 μήρι’
872 1190 966 1247 ἔθε
995 1187 1301 1267 dactylus:
1345 1193 1446 1246 νῦν
1472 1184 1519 1245 δ’
1564 1188 1699 1247 αὖτέ
1735 1211 1809 1267 με
1833 1189 1980 1267 φίλε’
2017 1169 2271 1258 Ἄθῆνηε
2328 1183 2420 1244 vel
2450 1194 2516 1247 ut

337 1283 498 1356 alibi,
524 1289 709 1365 φίλαι,
737 1285 953 1358 Ἀθήνη
974 1304 990 1344 t
1033 1296 1094 1344 et
1118 1287 1288 1366 ἔξοχα
1312 1284 1423 1360 γάρ
1442 1308 1542 1362 μιν
1558 1284 1789 1364 ἐφίλατο
1811 1283 2056 1345 Παλλὰς
2083 1283 2338 1357 Ἀθήνης
2381 1301 2517 1362 pro·

336 1380 729 1440 nuntiandum
770 1381 924 1440 enim
965 1380 1135 1459 quasi
1186 1379 1421 1459 gemino
1477 1385 1577 1454 λλ,
1636 1396 1702 1438 ut
1745 1393 1806 1461 φι
1845 1379 2088 1460 longum
2145 1380 2266 1440 fiat.
2351 1380 2517 1444 Sicut

329 1478 436 1537 Ἰλ.
464 1475 544 1554 β’.

641 1573 824 1633 Ἴλιον
852 1576 1171 1652 ἐκπέρσαντ’
1205 1576 1491 1655 εὐτείχεον
1517 1577 1877 1634 ἀπονέεσθαι.

336 1669 520 1739 Quasi
568 1674 712 1731 ἂππ.
796 1670 938 1729 Tale
977 1680 1039 1730 et
1080 1669 1226 1729 illud
1252 1668 1450 1745 ”Αρες,
1488 1670 1658 1748 quasi
1684 1670 1898 1749 ”Αῤῥεε
1924 1688 2054 1729 esse
2082 1667 2333 1729 videtur.
2419 1668 2511 1728 Ita

336 1777 396 1825 et
443 1767 773 1848 φιλομείδηε
817 1766 1138 1848 Ἀφροδίτη,
1185 1767 1364 1827 habet
1413 1772 1483 1825 λο
1533 1765 1820 1846 syllabam
1862 1766 2227 1846 productam.
2311 1765 2390 1822 Et
2416 1764 2512 1823 hie

332 1883 534 1924 versus
565 1865 830 1925 similiter
858 1862 1346 1945 pronuntiationis
1377 1862 1762 1942 productione
1790 1870 2175 1932 sustentatur,
2205 1860 2313 1921 Ἰλ.
2342 1861 2415 1935 γ’.

654 1962 885 2022 Αἰδοῖός
912 1987 972 2022 τε
998 1961 1100 2041 μοι
1125 1963 1270 2032 ἐσσὶ,
1315 1967 1447 2040 φίλε
1474 1962 1652 2037 ἑκυρὲ,
1678 1958 1855 2019 δεινός
1882 1984 1960 2018 τε.

335 2056 488 2117 Nam
540 2067 599 2119 et
646 2060 920 2138 aspiratio
961 2059 1151 2140 brevis
1195 2059 1410 2118 vocalis
1460 2056 1993 2137 pronuntiationem
2048 2062 2406 2121 remoratum
2451 2061 2513 2111 et

330 2154 498 2232 ρεδει,
528 2165 621 2216 est
641 2156 812 2236 quasi
835 2154 1056 2234 ρεδδειε
1101 2155 1253 2215 sicut
1265 2154 1525 2214 ’Έδδεισε
1552 2152 1605 2213 δ’
1626 2155 1853 2225 Ἑλένη.
1936 2153 2229 2211 Rursum:
2273 2149 2377 2209 Ἰλ.
2409 2150 2473 2209 ε’.

573 2254 690 2312 Καὶ
719 2258 783 2313 νύ
811 2277 907 2312 κεν
936 2254 1017 2312 ἔτι
1043 2257 1288 2313 πλέονας
1313 2257 1516 2312 λυκίων
1544 2254 1710 2312 κτάνε
1738 2249 1854 2311 δῖος
1877 2248 2204 2309 Ὀδυσσεύς.

337 2348 461 2409 Etsi
487 2359 722 2430 poterat
746 2350 940 2410 facere
969 2350 1089 2411 Καὶ
1119 2350 1228 2410 νῦκ·
1254 2352 1337 2411 ἔτι
1364 2356 1629 2422 πλέονας,
1669 2360 1865 2409 tamen
1907 2344 2053 2406 illud
2090 2344 2315 2417 maluit,
2343 2343 2513 2403 nimi-

334 2464 455 2503 rum
484 2445 956 2523 pronuntiatione
1000 2464 1232 2505 versum
1269 2445 1643 2525 expediente,
1691 2452 1942 2523 quatuor
1969 2440 2241 2501 brevibus
2268 2439 2513 2519 syllabis

335 2560 512 2600 unam
540 2540 779 2619 longam
805 2550 866 2601 et
892 2540 1042 2600 duas
1069 2542 1272 2601 breves
1303 2542 1651 2601 sonantibus
1675 2559 1691 2599 ι
1734 2541 1889 2600 sicut
1915 2536 2042 2598 Ὀδ.
2074 2538 2149 2602 ἕ.

654 2623 773 2696 Καὶ
797 2640 922 2698 τότε
947 2638 1200 2707 Φαιήκων
1227 2639 1283 2696 ἐς
1309 2640 1477 2696 πόλιν
1500 2640 1636 2715 ’ἔμεν
1661 2633 1747 2706 ἠδ’
1771 2638 2049 2710 ἐρέεσθαι.

296 2767 307 2772 α
337 2732 443 2793 Est
482 2734 636 2792 enim
664 2737 834 2793 πόλιν
874 2735 1029 2811 ἴμεν,
1073 2732 1347 2813 dactylus
1391 2752 1511 2792 non
1556 2731 1816 2812 syllabis,
1873 2729 1979 2791 sed
2025 2723 2206 2790 veteri
2257 2744 2515 2806 pronun-

336 2828 599 2901 tiatione,
626 2847 801 2908 quam
830 2848 940 2889 nos
989 2829 1310 2908 exprimere
1361 2828 1568 2909 lingua
1594 2827 1789 2886 aliena
1813 2846 1933 2886 non
1964 2839 2297 2905 possumus.
2382 2820 2517 2881 Hoc

334 2923 463 2985 loco
490 2924 552 2982 in
579 2934 834 2985 mentem
861 2924 1003 2984 mihi
1028 2924 1190 2984 venit
1224 2944 1425 2984 versus
1465 2943 1642 3003 quem
1672 2922 1935 3002 Scaliger
1977 2919 2222 2980 adduxit
2247 2938 2321 2978 ex
2347 2916 2515 2976 Euri-

335 3020 487 3100 pidis
513 3024 746 3094 Oreste,
773 3022 832 3080 in
853 3040 973 3101 quo
1002 3030 1163 3081 esset
1186 3022 1594 3101 ἐπισυναλοιφῆ
1619 3039 1635 3078 2

651 3118 994 3195 Αὐτουργός·
1053 3118 1210 3194 οἵπερ
1235 3119 1331 3176 καὶ·
1349 3119 1508 3195 μόνοι
1540 3116 1784 3179 σώἒουσι
1809 3118 1997 3174 πόλιν.

337 3213 455 3273 Sed
480 3235 593 3276 nos
621 3224 684 3275 et
709 3214 768 3273 in
792 3213 965 3274 editis
995 3214 1068 3273 ab
1098 3210 1256 3271 Aldo
1285 3211 1568 3292 exemplis
1596 3222 1656 3272 et
1693 3212 1750 3269 in
1781 3209 2170 3292 explicatione
2198 3208 2514 3289 reperimus

338 3314 580 3374 σῶἓουσι
608 3319 739 3387 γῆν.
822 3310 956 3370 Hoc
983 3308 1159 3387 igitur
1184 3306 1603 3387 relinquamus.
1643 3308 1747 3366 Ἰλ.
1777 3307 1844 3366 v‘.

733 3409 1031 3484 Μόρσιμον
1059 3405 1122 3465 δέ
1150 3406 1202 3465 οἱ
1231 3407 1341 3465 ἔστ’
1369 3407 1670 3465 ἀλέασθαι.

338 3502 447 3562 Ubi
473 3503 787 3562 manifesta
813 3511 906 3564 est
933 3506 1206 3575 συγκοπὴ,
1245 3510 1306 3561 et
1332 3499 1482 3560 illud
1509 3502 1785 3580 μόρσιμον
1812 3496 1982 3578 quasi
2008 3499 2281 3577 μόρσμον.
2348 3493 2518 3558 Sicut

338 3607 396 3658 et
419 3600 478 3659 in
506 3599 644 3672 hoc,
669 3601 774 3659 ’.Ιλ
805 3600 883 3658 ω’.

731 3696 921 3756 ’Em-os
944 3698 1051 3773 μὲν
1078 3694 1145 3766 δὴ
1171 3699 1356 3768 λέξον,
1386 3695 1553 3770 γέρον
1581 3696 1730 3771 φίλε.

342 3791 447 3851 Est
470 3790 629 3852 enim
654 3789 993 3872 plane‚ypov
1018 3795 1173 3871 φίλε.
1255 3785 1768 3857 Quemadmodum
1796 3794 1858 3844 et
1885 3783 2010 3843 Ὀδ.
2040 3785 2118 3856 η’.

732 3886 885 3959 Μήδ’
911 3884 1049 3947 οὕτω
1076 3890 1242 3967 φίλον
1267 3886 1362 3945 Διῒ
1387 3886 1553 3961 πατρὶ
1580 3889 1820 3960 γένοιτο.

346 3981 453 4042 Ubi
478 3988 647 4064 φίλον
672 3992 768 4042 est
790 3983 960 4064 quasi
984 3987 1148 4061 φλον.
1230 3981 1364 4044 Jam
1394 3980 1456 4040 in
1481 3980 1619 4053 hoc,
1647 3978 1752 4042 Ἰλ.
1778 3974 1857 4051 β’.

735 4076 936 4157 Βωμοῢ
963 4076 1014 4138 δ’
1046 4077 1300 4151 ὑπαΐξας,

352 4181 649 4256 σννηίρεσιε
676 4182 789 4236 est·
868 4160 873 4166 ῃ
