3050 4942
1019 387 1115 436 ns
1146 386 1450 438 marnis
1495 390 1822 443 oomms.
2382 384 2515 449 229

868 559 873 564 ·
918 531 1232 611 Apocopes
1261 535 1536 613 exempla
1556 534 1688 595 haec
1716 536 1865 597 habe
1892 557 1906 597 ε
1945 545 1954 558 ”

645 642 771 702 itan
1049 656 1154 706 tun
1432 650 1514 722 in,
1545 670 1672 730 pro,
1701 650 1829 711 isne
2007 654 2145 713 star’
2167 656 2189 690 ³

651 740 805 799 satin
1046 746 1312 823 parumn'
1431 748 1627 806 haben
2012 752 2231 828 potess'

648 855 800 916 egon
1045 860 1235 900 sanun
1436 843 1613 903 viden
1639 835 1646 842 ’
2012 846 2272 904 animul'.

409 978 682 1060 Denique
725 984 785 1042 in
830 985 1030 1046 multis
1074 1006 1193 1047 non
1239 989 1419 1050 modo
1459 1009 1489 1050 s
1534 989 1709 1051 finale
1736 1010 1843 1069 pro
1869 992 2035 1052 libitu
2066 992 2365 1071 abjiciunt,
2407 991 2515 1051 sed

322 1077 591 1137 vocalem
620 1080 795 1139 etiam
822 1102 957 1159 quae
996 1084 1258 1162 proxime
1284 1087 1589 1166 praecedit.
1675 1087 1965 1168 Exempla
2007 1101 2148 1147 sunt
2192 1089 2518 1161 innumera,

324 1172 388 1231 in
417 1174 633 1253 quibus
665 1196 692 1235 s
722 1178 987 1257 abjicitur
1025 1200 1159 1240 cum
1188 1181 1368 1243 dictio
1410 1183 1632 1244 desinit
1677 1184 1737 1243 in
1766 1205 1838 1244 us
1863 1205 1879 1251 ;
1946 1184 2052 1246 sed
2080 1184 2342 1244 vocalem
2371 1203 2518 1263 quo-

325 1290 464 1348 que,
493 1273 591 1331 cni
620 1273 902 1354 adjuncta
929 1286 1041 1352 est,
1082 1280 1336 1339 resecuit
1384 1299 1544 1360 saepe
1574 1279 1844 1353 Plautus,
1888 1281 2066 1361 idque
2095 1300 2212 1339 non
2242 1281 2298 1339 in
2331 1282 2519 1344 nomi-

326 1367 497 1426 nibus
533 1377 784 1444 tantum‚
811 1380 879 1431 ut
921 1374 1003 1446 in,
1043 1394 1270 1447 servus,
1299 1375 1405 1435 sed
1439 1376 1498 1434 in
1525 1376 1719 1440 verbis
1761 1378 1959 1450 etiam,
2002 1386 2069 1437 ut
2114 1379 2195 1449 in,
2227 1377 2520 1451 volumus,

327 1464 659 1536 attulimuS‚
686 1471 799 1528 διο.
864 1469 1088 1530 Eadem
1111 1490 1344 1549 quoque
1373 1470 1630 1545 licentia,
1657 1492 1794 1532 cum
1815 1493 1929 1533 vox
1970 1473 2188 1533 desinit
2215 1472 2272 1531 in
2302 1473 2375 1545 is,
2400 1492 2524 1532 non

325 1559 505 1620 modo
535 1583 566 1620 s
588 1562 877 1641 abjicitur,
898 1575 966 1625 ut
983 1567 1065 1639 in,
1089 1567 1299 1646 magiS‚
1322 1568 1514 1640 nimis,
1536 1569 1755 1648 pergis,
1777 1569 1983 1641 tristis,
2009 1568 2170 1649 quod
2196 1588 2232 1628 a
2248 1568 2523 1629 Terentio

328 1657 573 1729 factum,
604 1659 712 1719 sed
741 1661 793 1720 is
821 1661 1018 1748 etiam,
1049 1672 1116 1721 ut
1143 1663 1225 1736 in,
1257 1663 1484 1736 similis,
1507 1664 1856 1736 consimilis,
1878 1664 2212 1734 exorabilis,
2239 1666 2521 1743 corporis,

328 1753 599 1813 Veneris,
684 1756 984 1816 Interdum
1017 1778 1045 1817 s
1076 1759 1326 1838 abjecta,
1363 1760 1383 1818 i
1424 1760 1752 1840 corripitur,
1782 1781 1976 1839 neque
2027 1781 2055 1819 s
2103 1758 2280 1819 modo
2324 1761 2430 1820 sed
2472 1763 2523 1820 is

329 1869 568 1929 quoque
608 1871 648 1910 a.
687 1852 801 1913 fine
831 1852 1174 1928 detrahitur,
1207 1856 1384 1916 etiam
1411 1877 1548 1916 cum
1589 1868 1801 1918 natura
1826 1858 2009 1940 longa
2036 1868 2166 1924 est;
2231 1857 2522 1936 exempla,

329 1947 428 2004 ubi
458 1967 486 2005 s
518 1946 786 2009 detracta
823 1951 1195 2033 icorripitur,
1243 1966 1401 2027 sunt,
1448 1955 1653 2014 multis
1694 1965 1754 2013 et
1795 1954 1973 2027 miris,
2024 1975 2098 2013 ex
2126 1953 2337 2033 quibus
2366 1953 2528 2013 facta

331 2054 491 2116 sunt,
508 2046 869 2107 multimodis
888 2057 951 2109 et
968 2049 1290 2112 mirimodis
1311 2070 1326 2109 ε
1355 2050 1643 2131 posterior
1660 2070 1898 2132 quoque
1922 2052 2005 2123 in,
2026 2051 2220 2122 nobiS‚
2241 2060 2320 2122 et,
2336 2051 2524 2122 vobis,

332 2139 539 2199 eadem
566 2142 808 2203 licentia
853 2145 1164 2224 aliquoties
1211 2147 1369 2228 apud
1419 2149 1699 2208 Plautum
1740 2148 1950 2227 corripi
1994 2147 2245 2218 videtur,
2291 2156 2353 2207 et
2378 2167 2526 2207 non-

333 2257 639 2316 nunquam
700 2248 891 2299 totum
935 2241 988 2301 is
1040 2242 1235 2321 abjici,
1276 2243 1390 2303 nisi
1437 2264 1545 2323 pro
1593 2244 1682 2303 iis-
1714 2243 2034 2323 legendum
2081 2243 2158 2302 sit
2194 2242 2286 2301 bis
2330 2255 2391 2302 et
2418 2242 2528 2314 vis,

331 2353 583 2411 quorum
611 2335 771 2412 prius
799 2356 928 2414 pr0‚
958 2340 1152 2413 nobis,
1177 2342 1456 2419 antiquos
1487 2341 1711 2401 dixisse
1731 2340 2036 2401 annotavit
2058 2339 2270 2399 Festus
2296 2359 2311 2398 ι
2354 2338 2528 2420 hujus

335 2440 531 2489 autem
561 2430 814 2491 licentiae
845 2433 1007 2494 clara
1034 2437 1306 2516 exempla
1328 2447 1488 2509 sunt,
1515 2440 1759 2517 paratis,
1786 2438 2063 2518 imperiis·

404 2527 531 2587 -His
562 2527 751 2588 addas
774 2530 933 2607 quod
962 2552 1026 2592 es
1054 2534 1347 2594 interdum
1378 2535 1647 2614 abjicitur
1676 2536 1757 2610 in,
1786 2554 1917 2603 res;
1961 2543 2041 2607 et,
2082 2552 2176 2592 res
2220 2542 2331 2603 est,
2360 2552 2431 2593 ex
2460 2553 2530 2593 eo

333 2623 557 2702 ‚saepius
585 2625 657 2683 fit
687 2627 981 2707 monosyl.

414 2722 617 2800 Atque
660 2722 757 2782 hae
801 2724 921 2785 fere
953 2743 1095 2787 sunt
1137 2729 1415 2801 rationes,
1442 2730 1658 2807 quibus
1686 2737 1912 2787 veteres
1960 2722 2186 2783 Comici
2214 2742 2378 2782 veras
2406 2745 2532 2783 ver-

337 2817 543 2877 borum
572 2819 933 2895 quantitates
964 2823 1156 2885 solent
1183 2825 1547 2899 imminuere,
1589 2823 1957 2903 corripiendo
1983 2839 2194 2899 nempe
2221 2831 2283 2879 et
2301 2830 2535 2879 contra·

337 2913 559 2975 hendo,
646 2916 724 2975 Et
769 2917 945 2997 hujus
989 2922 1227 2999 generis
1273 2933 1365 2982 est
1414 2923 1785 2982 licentiarum
1831 2937 1968 2998 pars
2016 2916 2196 2996 longe
2240 2915 2533 2974 maxima:

338 3029 541 3070 earum
571 3031 712 3071 vero
740 3031 939 3075 causae
970 3036 1044 3077 ex
1082 3019 1355 3097 populari
1403 3018 1686 3099 loquendi
1714 3014 2146 3078 consuetudine
2190 3022 2252 3074 et
2276 3032 2537 3093 pronun-

336 3108 601 3193 tiationis
632 3119 843 3170 natura
867 3114 1141 3191 petendae
1171 3128 1330 3177 sunt.
1401 3118 1522 3177 Sed
1552 3128 1613 3177 et
1641 3116 1774 3176 aliae
1797 3111 2100 3174 nonnullae
2128 3121 2269 3169 sunt
2296 3108 2537 3169 alterius

339 3292 624 3354 pyrrhichii
662 3296 775 3345 loco
820 3304 964 3362 sunt,
996 3299 1137 3363 qnasi
1177 3298 1397 3348 duorum
1478 3298 1724 3363 Virgines
1761 3312 1880 3348 nam
1916 3297 2014 3347 sibi
2038 3296 2253 3361 quisque
2275 3295 2415 3345 domi
2438 3296 2539 3345 Ro·

341 3373 545 3416 tantum
570 3377 746 3424 essent
768 3375 1075 3434 temporum.
1478 3389 1656 3425 manus
1691 3376 1852 3425 habet
1892 3390 1993 3423 sas.
2062 3372 2162 3423 Sed
2211 3373 2333 3422 satis
2375 3373 2542 3420 multa

403 3447 438 3491 9
473 3444 685 3507 Εἰίιῆαε]
717 3445 781 3494 In
817 3448 1025 3498 vocibus
1050 3448 1200 3513 hujus
1222 3447 1401 3499 formae
1478 3452 1617 3516 apud
1641 3453 1865 3501 Ennium
1887 3450 2128 3513 exempla
2164 3457 2305 3510 sunt,
2342 3447 2395 3496 in
2430 3447 2540 3511 qui·

345 3519 483 3580 prior
506 3520 524 3568 i
546 3533 663 3571 cum
685 3522 850 3572 altera
871 3523 925 3572 in
950 3538 1103 3574 unam
1137 3525 1401 3586 coalescit,
1481 3530 1578 3579 bus
1608 3544 1785 3579 versus
1806 3530 2106 3579 hexameter
2126 3525 2312 3590 incipit
2332 3525 2399 3575 ab
2422 3539 2541 3574 ana-

347 3602 400 3644 et
429 3603 539 3645 tum
581 3597 601 3645 i
636 3597 835 3663 duplex
879 3615 996 3651 cnm
1032 3601 1202 3651 vocali
1234 3601 1403 3665 prima
1485 3612 1673 3670 paesto.

346 3671 718 3737 diphthongum
737 3675 924 3727 induit.
1548 3684 1581 3729 2
1615 3678 1825 3742 Liber-ce]
1856 3679 2053 3728 Eadem
2075 3677 2366 3727 contractio
2386 3674 2449 3724 fit
2468 3676 2540 3738 in,

412 3752 437 3797 1
499 3750 773 3816 Virginem]
838 3754 959 3802 Non
1015 3754 1142 3803 satis
1198 3759 1404 3803 constat
1484 3756 1729 3818 liberare,
1749 3754 1984 3817 liberius,
2005 3753 2310 3818 periculum,
2328 3758 2389 3801 et
2409 3752 2544 3802 simi·

349 3829 516 3875 utrum
541 3826 594 3875 in
618 3828 716 3876 hac
734 3843 861 3878 voce
885 3831 1077 3880 vocalis
1111 3830 1283 3880 media
1309 3832 1402 3880 eli·
1483 3831 1636 3881 libus.

352 3899 519 3951 denda
535 3902 625 3966 sit,
642 3918 708 3953 an
722 3905 888 3968 prima
904 3906 1262 3969 corripienda3
1287 3921 1403 3972 pos·
1547 3911 1578 3955 3
1596 3904 1755 3970 δέατ’]
1772 3906 1944 3969 Clara,
1964 3903 2018 3953 ni
2037 3902 2208 3967 fallor,
2230 3903 2367 3967 apud
2386 3903 2544 3952 Plau-

352 3979 510 4028 terius
537 3980 735 4044 malim,
752 3996 869 4032 cum
892 3983 945 4031 in
966 3984 1141 4032 multis
1174 3983 1403 4033 animad-
1486 3990 1596 4032 tum
1613 3983 1852 4045 exempla
1869 3988 1989 4031 sunt
2008 3981 2159 4045 hujus
2172 3981 2425 4043 licentiae,
2442 3995 2545 4045 qua

353 4063 540 4119 vertas,
585 4057 817 4107 vocalem
860 4059 1070 4108 brevem
1112 4066 1233 4108 ante
1280 4058 1408 4108 duas
1487 4075 1518 4110 e
1555 4058 1709 4108 finale
1743 4058 1798 4107 in
1840 4057 2010 4109 verbis
2040 4057 2179 4108 modi
2204 4055 2391 4106 infiniti
2420 4056 2546 4122 abji-

357 4143 601 4181 ronsonas
626 4147 842 4197 quorum
866 4135 1007 4197 prior
1027 4139 1108 4183 est
1126 4149 1169 4196 r,
1195 4134 1406 4197 corripi.
1489 4137 1624 4186 citur
1646 4141 1897 4199 sequente
1929 4147 2170 4196 consona,
2201 4147 2304 4198 qua
2335 4132 2547 4182 licentia

358 4205 543 4259 Contra
562 4224 685 4261 vero
702 4209 917 4262 affertur
933 4212 1018 4265 hic
1035 4226 1216 4263 versus
1233 4213 1407 4263 Ennii:
1490 4214 1630 4263 nulla
1655 4212 1791 4276 apud
1816 4211 1977 4262 Italos
2000 4209 2338 4277 frequentior.
