3050 4942
1088 402 1284 452 mvn
1333 400 1805 452 GAS'NGATlo.
2420 389 2548 453 133

351 554 461 618 tta,
485 545 646 626 apud
667 546 995 627 Virgilium,
1014 544 1223 605 ultima
1243 543 1637 624 praecedentis
1659 544 1822 603 initio
1843 543 2204 625 quandoque
2230 547 2549 626 insequen-

353 642 426 702 tis
456 643 838 704 absorbetur:
865 640 1044 721 quale
1068 652 1165 706 est
1189 661 1224 710 ε,
1251 651 1270 682 ‘
1289 641 1447 706 Ecce
1474 639 1674 704 furens
1705 641 1915 702 animis
1946 641 2152 704 aderat
2184 644 2547 724 Tyrinthius‚

353 759 706 821 omnemque
734 741 1064 801 Accessum
1088 738 1393 800 lustrans!
1474 737 1826 820 Cujusmodi
1855 758 2059 802 versus
2087 741 2413 824 ὑπέρμετρα
2456 740 2553 800 di-

351 846 592 908 cuntur,
635 837 810 898 sicuti
852 847 1068 917 praeter
1094 837 1241 897 alios
1271 837 1595 898 Diomedes
1624 837 1903 897 ostendit.
1986 836 2196 906 Qualis
2226 838 2324 899 ille
2354 839 2550 910 etiam,

355 934 518 1014 apud
544 933 776 996 Terent.
803 933 1086 996 in.Andr.
1130 941 1149 969 ‘
1173 934 1342 995 Tuus
1366 944 1535 1013 pater
1581 932 1759 994 modo
1801 953 1897 995 me
1939 934 2272 1014 prehendit,
2324 935 2407 996 ait
2446 936 2552 996 tibi

355 1049 604 1096 uxorem
650 1030 790 1094 dare
836 1049 970 1093 sese
1018 1030 1215 1093 Hodie
1234 1031 1273 1091 ε’
1309 1032 1451 1092 item
1500 1031 1619 1092 alia
1667 1032 1874 1105 multa,
1918 1035 2032 1093 dcc.
2137 1032 2238 1093 Sic
2277 1033 2431 1093 enim
2479 1053 2553 1093 ex

355 1129 771 1194 observatione
813 1130 1190 1209 antiquorum
1231 1130 1505 1191 codicum
1552 1127 1846 1210 legimus:
1887 1150 1999 1191 nec
2044 1149 2215 1191 secus
2258 1130 2554 1204 Donatus,

356 1235 424 1288 ut
446 1224 694 1305 quidem
723 1235 783 1287 et
810 1225 1084 1288 Romana
1108 1227 1291 1287 habet
1316 1239 1377 1287 et
1421 1227 1656 1287 Veneta
1699 1227 1899 1300 editio,
1943 1227 2451 1289 consentientibus
2496 1237 2559 1288 et

355 1322 490 1385 aliis
517 1324 895 1403 quibusdam.
980 1324 1095 1385 Hic
1135 1324 1317 1404 igitur
1364 1324 1510 1384 illud
1553 1332 1568 1359 ‘
1592 1343 1657 1385 se
1685 1326 1700 1350 '
1734 1326 1796 1384 in
1844 1325 1961 1386 fine
2003 1325 2211 1406 prioris
2259 1327 2557 1385 absorberi

355 1440 608 1484 necesse
633 1432 728 1482 est
752 1422 918 1483 initio
946 1416 1277 1502 sequen'tis,
1305 1422 1468 1502 quod
1497 1433 1561 1483 et
1586 1422 1734 1485 alias
1765 1423 1830 1482 fit
1851 1417 2011 1501 apud
2039 1422 2317 1484 eundem.
2402 1424 2558 1482 Sunt

355 1527 560 1580 autem
589 1539 792 1579 versus
819 1520 1124 1593 trochaici,
1153 1530 1234 1594 et,
1260 1519 1364 1599 qui
1392 1520 1554 1580 volet
1578 1520 1789 1590 metiri,
1838 1520 1925 1579 sic
1952 1518 2126 1601 plane
2153 1511 2371 1582 habere
2399 1538 2560 1580 com-

355 1615 566 1696 periet.
609 1617 768 1689 Talis
788 1627 882 1679 est
903 1618 1003 1678 ille
1025 1638 1097 1678 ex
1127 1618 1401 1698 Hecyra:
1432 1626 1449 1653 ‘
1476 1618 1778 1698 Disjunxit
1802 1618 1965 1677 illum
1988 1618 2064 1677 ab
2092 1617 2216 1690 illa,
2242 1626 2561 1699 postquam

361 1721 423 1778 et
447 1713 579 1794 ipse
609 1735 740 1779 sese
770 1716 849 1778 Et
875 1715 1038 1776 illam
1059 1725 1122 1777 et
1147 1715 1302 1776 hanc
1330 1734 1466 1795 quse
1496 1714 1656 1774 domi
1685 1724 1814 1774 erat
1833 1714 2115 1794 cognovit
2141 1713 2325 1774 satis!
2384 1714 2560 1775 Tales

362 1811 544 1874 etiam
572 1812 738 1893 apud
763 1812 1042 1876 Plautum
1070 1833 1231 1893 saepe
1258 1823 1613 1874 occurrunt:
1656 1811 1819 1872 velut
1864 1812 1926 1872 in
1979 1811 2318 1871 Aulularia:
2360 1817 2379 1846 ‘
2404 1810 2563 1871 Cen·
2666 1891 2671 1896 ἡ

362 1908 491 1968 sen’
521 1910 811 1972 talentum
837 1929 1121 1990 magnum
1147 1908 1376 1970 exorari
1402 1919 1644 1990 potesse
1682 1910 1956 1970 Abistoc
1985 1908 2167 1982 sene,'
2206 1912 2319 1968 ὅτε.
2402 1907 2563 1978 Quid

362 2017 565 2068 autem
609 2006 840 2079 mirum,
888 2007 940 2066 si
984 2005 1045 2068 iu
1095 2005 1410 2067 trochaicis
1453 2005 1838 2085 iambicisque
1882 2006 2138 2086 reperias
2177 2008 2566 2085 &repperpovu

363 2122 501 2166 eum
533 2103 597 2165 iu
624 2102 937 2184 Sapphicis
961 2102 1141 2168 etiam
1168 2102 1448 2163 invenias.
1465 2102 1625 2182 apud
1659 2102 2014 2163 Horatium?
2057 2103 2318 2162 Utuntur
2340 2102 2569 2163 Comici

365 2212 429 2263 et
479 2200 718 2262 disereti
762 2199 1109 2273 identidem,
1153 2198 1454 2278 quomodo
1500 2199 1563 2258 iu
1598 2197 1889 2279 Adelphis
1924 2206 1947 2236 ⁴
1962 2186 2122 2280 jam'
2163 2198 2344 2259 semel
2389 2211 2569 2280 atque

366 2301 579 2360 iterum
609 2297 967 2377 disyllabum
991 2297 1228 2376 legitur,
1269 2308 1337 2357 ut
1363 2307 1426 2360 et
1452 2296 1609 2378 apud
1642 2298 1920 2358 Plautum
1951 2315 2396 2377 nonnunquam.
2477 2299 2571 2358 Ita

368 2395 532 2476 apud
562 2394 890 2467 Catullum,
915 2397 933 2430 ⁸
960 2394 1141 2455 soluit
1155 2395 1193 2454 :⁹
1233 2395 1395 2475 apud
1424 2394 1757 2468 Horatium,
1788 2403 1806 2431 ⁸
1830 2395 2018 2476 syluae
2037 2394 2075 2455 :⁹
2104 2394 2263 2475 apud
2294 2396 2569 2469 Statium,

331 2537 338 2544 -
371 2499 392 2528 ‘
412 2493 650 2567 suasit?
703 2492 783 2553 Et
812 2492 1109 2553 contraria
1147 2492 1286 2553 huic
1321 2493 1514 2572 figura
1542 2492 1893 2574 Synoeresis,
1919 2513 2056 2574 quse
2081 2502 2144 2552 et
2164 2494 2574 2575 ἐπισνναλοιφὴ

369 2590 607 2665 dicitur,
649 2609 770 2670 qua
806 2589 957 2651 duas
1001 2589 1063 2648 in
1109 2608 1291 2650 unam
1333 2589 1623 2671 syllabam
1642 2635 1647 2642 ,
1667 2591 2066 2651 contrahunt:
2109 2600 2196 2664 ut,
2238 2596 2257 2624 ‘
2275 2593 2579 2663 servibas,'

371 2707 500 2768 pro,
528 2687 874 2757 serviebas:
910 2694 929 2723 ‘
949 2688 1188 2761 scibas,’
1216 2706 1344 2767 pro,
1373 2688 1647 2749 sciebas:
1691 2687 1866 2748 sicuti
1905 2686 2063 2766 apud
2092 2687 2260 2766 Virg.
2303 2696 2320 2724 ⁶
2348 2688 2574 2748 Fer-rei-

375 2805 490 2864 que
520 2785 915 2846 Eumenidum
943 2784 1227 2858 thalami,’
1254 2793 1316 2848 et
1343 2803 1503 2862 soepe
1535 2783 1704 2843 alias.
1763 2783 2067 2861 Frequens
2088 2782 2269 2842 etiam
2286 2792 2384 2842 est
2411 2783 2574 2862 apud

373 2882 717 2944 Terentium
743 2883 803 2948 in
830 2885 1105 2944 versuum
1127 2882 1441 2946 mensione
1463 2883 1798 2962 συναλοιφὴ,
1818 2899 1957 2961 quae
1974 2881 2064 2953 fit,
2086 2899 2218 2939 cnm
2239 2880 2303 2939 in
2325 2879 2576 2941 dirersis

378 2979 737 3044 dictionibus
763 2980 1238 3052 vocaliuminter
1266 2999 1331 3039 se
1360 2978 1700 3041 coeuntium
1728 2978 1915 3039 altera
1939 2976 2103 3037 velut
2128 2976 2490 3050 obliteratur,
2518 2987 2588 3039 et¹

379 3078 656 3154 ἔοθλιψιε,
684 3078 913 3157 quoties
940 3098 1001 3138 m
1027 3096 1163 3137 cum
1188 3077 1379 3137 vocali
1405 3075 1779 3156 praecedente
1805 3074 2156 3136 excluditur.
2218 3075 2579 3156 Quanquam

382 3194 501 3235 non
529 3195 762 3256 semper
786 3174 942 3244 idem
968 3175 1110 3236 elidi
1147 3175 1388 3236 solitum
1416 3173 1575 3255 apud
1604 3174 1850 3235 Veteres
1877 3182 2129 3233 testatur
2157 3171 2446 3236 Priscian.
2474 3174 2578 3234 lib.

385 3292 432 3331 1.
474 3272 641 3333 velut
669 3272 826 3353 apud
853 3272 1191 3338 Terentium
1230 3273 1291 3332 in
1340 3271 1615 3332 Eunuchi
1655 3282 1774 3331 aot.
1821 3291 1932 3332 111.
1979 3290 2160 3332 scena
2189 3274 2246 3331 3.
2289 3277 2308 3306 ⁶
2334 3270 2470 3329 Una
2496 3270 2580 3330 ire

384 3387 518 3434 eum
547 3370 737 3430 amica
762 3368 1169 3449 imperatorem
1197 3370 1259 3449 in
1280 3370 1415 3430 via!
1472 3369 1581 3429 Est
1604 3370 1760 3429 enim
1781 3370 2044 3430 secundo
2072 3369 2208 3429 loco
2230 3367 2579 3449 tribrachys.

387 3466 565 3535 Quod
590 3466 643 3526 si
671 3488 730 3526 m
757 3466 1031 3541 elidatur,
1073 3468 1184 3527 erit
1209 3467 1424 3528 ibidem
1451 3465 1838 3548 pyrrhichius,
1887 3466 1985 3526 eui
2014 3466 2213 3530 nullus
2242 3465 2303 3524 in
2329 3465 2580 3526 iambico

386 3562 576 3625 locus.
658 3564 759 3624 Sic
802 3563 979 3624 alibi:
1020 3564 1321 3625 ‘Primum
1361 3566 1558 3636 istam,
1607 3561 2018 3645 quam-habes,
2046 3563 2209 3624 unde
2235 3564 2425 3623 habes
2447 3582 2584 3623 ves·
2668 3541 2687 3562 ⁸

389 3659 551 3721 tem?
599 3660 808 3723 taces!
879 3660 1105 3721 Eodem
1132 3660 1312 3722 modo
1354 3660 1514 3741 apud
1539 3661 1916 3731 Juvenal‘em,
1967 3666 1985 3695 ⁶
2009 3660 2162 3720 Cum
2188 3670 2426 3740 propter
2452 3660 2585 3737 plu·-

391 3757 535 3834 rima
556 3767 683 3819 tum
707 3757 802 3816 his
831 3757 1138 3838 Praecipue
1163 3758 1405 3832 causis,’
1432 3761 1646 3839 Satyra
1674 3778 1775 3819 xx.
1848 3758 1942 3817 De
1969 3757 2173 3836 figuris
2200 3755 2413 3817 ceteris
2441 3755 2583 3818 nihil

394 3854 489 3914 hic
514 3853 832 3915 dicendum
858 3864 1024 3935 pute.
2566 3873 2574 3878 “
