3050 4942
1156 396 1252 448 nn
1297 398 1398 448 ‘rrr
1413 398 1676 451 sA‘rao.
2193 352 2198 357 f
2416 388 2512 455 ⁷3

314 551 701 622 tangerentur
745 561 780 602 a
828 561 993 616 voce,
1046 537 1301 602 sonitum
1351 543 1620 604 facerent
1658 544 1809 605 inter
1853 564 1937 606 se.
2023 545 2228 626 quue
2265 547 2504 610 artificio

313 641 611 701 collocata
635 641 890 712 fuerunt,
917 650 986 700 ut
1012 639 1238 701 nullum
1263 640 1544 720 parietem
1566 652 1898 722 tangerent,
1928 642 2200 724 circaque
2220 643 2506 706 haberent

311 737 506 798 locum
537 757 814 812 vacuum,
863 748 924 797 et
962 756 1187 797 summo
1216 737 1411 817 capite
1440 738 1716 817 spatium,
1759 741 2242 819 ponebantur-que
2267 753 2327 802 et
2370 763 2505 803 sus·

314 854 502 915 pensa
530 836 924 895 cernebantur
951 852 1051 893 ore
1080 834 1309 904 declivi,
1356 844 1424 894 ut
1457 835 1518 893 in
1547 834 1617 895 iis
1648 855 1760 897 vox
1787 846 2047 898 actorum
2078 838 2347 916 ingressa
2371 840 2506 900 har-

311 931 572 991 moniam
600 932 878 1004 efficeret,
907 939 970 990 et
995 931 1242 1009 gratiam
1272 930 1572 1010 quandam
1594 932 1827 993 afferret
1849 935 2300 1014 spectatoribus,
2322 947 2505 1016 utque

312 1029 622 1090 intellectu
652 1028 876 1089 facilior
903 1039 1080 1088 esset.
1163 1026 1306 1088 Tale
1337 1028 1619 1107 quiddam
1650 1029 1829 1091 audio
1866 1031 2060 1091 adhuc
2102 1031 2280 1093 hodie
2306 1044 2507 1096 extare

313 1127 763 1208 inquibusdam
792 1124 1023 1205 templis
1053 1126 1334 1205 antiquis,
1384 1146 1520 1205 quae
1557 1147 1717 1188 nunc
1747 1147 1984 1208 quoque
2012 1141 2329 1209 supersunt
2355 1131 2507 1191 inte·

314 1245 440 1306 gra,
468 1223 634 1305 apud
662 1234 879 1284 nostrae
907 1224 1273 1303 tempestatis
1295 1224 1564 1285 Graecos.
1623 1227 1691 1284 In
1716 1246 1961 1305 quorum
1991 1227 2209 1288 fornice
2238 1228 2506 1290 inferiore

314 1332 494 1403 atque
525 1323 822 1402 superiore
852 1322 1012 1383 varia
1039 1334 1182 1382 sunt
1206 1323 1496 1382 foramina
1540 1322 1679 1384 hinc
1723 1325 1860 1385 inde
1906 1344 2250 1405 conspersa,
2300 1345 2369 1385 ac
2400 1326 2508 1386 sibi

311 1420 494 1481 veluti
537 1440 614 1480 ex
642 1419 928 1480 diametro
957 1422 1031 1480 ab
1061 1440 1180 1480 uno
1211 1420 1289 1480 ad
1317 1421 1478 1480 aliud
1506 1421 1666 1481 latus
1694 1422 2240 1501 correspondentia,
2290 1423 2347 1482 in
2376 1423 2506 1502 qui-

313 1518 422 1578 bus
454 1537 602 1577 vasa
629 1536 800 1578 aenea
823 1518 1082 1598 impacta
1111 1527 1270 1591 sunt,
1297 1538 1545 1598 quorum
1570 1539 1637 1578 os
1660 1519 1847 1598 (quod
1870 1521 2179 1599 angustius
2195 1529 2307 1593 est,
2330 1539 2507 1600 quam

310 1616 436 1695 ipse
475 1618 706 1691 venter)
748 1623 980 1675 tantum
1024 1615 1276 1676 exterius
1326 1626 1509 1696 patet,
1561 1637 1679 1677 non
1726 1618 1901 1678 etiam
1944 1619 2255 1698 prominet.
2336 1619 2407 1678 In
2435 1637 2509 1677 ea

310 1731 477 1786 vasa„
528 1732 646 1772 vox
689 1712 746 1771 in
776 1713 997 1792 templo
1024 1715 1359 1774 canentium
1388 1714 1622 1774 inclusa
1646 1714 2043 1776 incredibilem
2071 1716 2250 1775 efficit
2274 1715 2507 1774 harmo—

311 1811 493 1882 niam,
543 1829 845 1890 sonosque
872 1810 1372 1885 distinctissimos,
1422 1822 1483 1873 et
1511 1811 1835 1874 admodum
1863 1821 2084 1892 gratos,
2133 1822 2313 1891 atque
2341 1811 2508 1872 aditu

310 1908 541 1969 faciles.
631 1909 752 1968 Sed
806 1908 866 1966 in
922 1908 1167 1970 theatris
1221 1929 1363 1970 vasa
1417 1909 1718 1990 resupina.
1749 1909 2285 1989 suspendebantur.
2361 1909 2505 1968 'Pale

311 2006 456 2085 quid
504 2014 704 2065 autem
743 2005 951 2065 Romae
979 2005 1201 2067 factum
1230 2007 1414 2068 fuisse
1441 2007 1565 2067 suis
1590 2006 1950 2087 temporibus
1978 2015 2159 2086 negat
2184 2005 2505 2081 Vitruvius,

313 2102 420 2162 sed
448 2103 513 2161 in
543 2102 735 2162 Italiae
762 2102 1098 2183 regionibus
1127 2115 1187 2165 et
1213 2105 1272 2163 in
1301 2105 1567 2185 pluribus
1596 2105 1937 2165 Graecorum
1965 2105 2315 2165 civitatibus.
2380 2103 2508 2162 Un-

313 2201 388 2260 de
417 2200 639 2261 Lucius
687 2200 1007 2261 Mummius
1036 2202 1232 2262 diruto
1261 2203 1698 2264 Corinthiorum
1724 2202 1980 2262 Theatro
2007 2200 2135 2280 ejus
2165 2221 2335 2261 aenea
2361 2220 2509 2262 vasa

314 2298 570 2358 Romam
599 2298 951 2378 deportavit.
1035 2301 1214 2362 Multi
1261 2302 1437 2362 etiam
1482 2300 1808 2371 architecti,
1853 2300 1954 2379 qui
2001 2299 2061 2358 in
2107 2298 2338 2379 oppidis
2383 2296 2530 2359 non.

312 2394 548 2475 magnis
578 2395 835 2456 Theatra
859 2406 1335 2472 construxerunt,
1364 2407 1603 2481 propter
1627 2399 1762 2459 aeris
1791 2396 2369 2477 inopiam,'fictilibus
2398 2396 2507 2456 do·

312 2492 404 2552 liis
431 2494 519 2552 ita
546 2493 897 2553 sonantibus
927 2493 1150 2567 electis,
1195 2495 1309 2556 hac
1338 2496 1787 2557 ratiocinatione
1815 2493 2179 2573 compositis,
2224 2494 2317 2554 usi
2346 2503 2505 2554 sunt.

312 2590 694 2670 Quapropter
720 2590 948 2651 Plinius
977 2593 1079 2665 ait,
1121 2592 1180 2651 in
1209 2592 1478 2654 Theatris
1506 2611 1713 2656 vocem
1741 2594 1955 2671 optime
1983 2612 2212 2652 currere
2240 2591 2300 2650 in
2331 2590 2503 2651 doliis

309 2689 614 2748 inanibus.
695 2689 788 2747 In·
813 2689 1026 2769 ligneis
1066 2699 1262 2750 autem
1287 2691 1556 2751 Theatris
1598 2691 1708 2768 (ait
1734 2688 2078 2763 Vitruvius),
2118 2688 2504 2766 quae-Romae

311 2787 538 2865 passim
568 2786 807 2858 flebant,
836 2806 956 2847 non
983 2796 1110 2847 erat
1135 2788 1291 2846 vasis
1319 2786 1503 2847 aeneis
1533 2805 1703 2864 opus,
1740 2803 1876 2844 curn
1902 2782 2297 2844 tabulationes
2323 2782 2505 2843 habe-.

308 2894 444 2943 rent
487 2882 842 2962 complures,
893 2903 1043 2962 quas
1093 2902 1303 2943 sonare
1352 2901 1596 2943 necesse
1639 2890 1784 2941 erat.
1864 2879 2079 2940 Aditus
2123 2879 2396 2959 permulti
2417 2932 2422 2939 .
2443 2889 2506 2940 et

310 2980 563 3060 spatiosi
589 2980 860 3060 dispositi
886 2989 1054 3042 erant
1094 2982 1252 3042 eirca
1292 2981 1632 3052 Theatrum,
1682 2998 1792 3039 nec
1834 2977 2133 3058 conjuncti
2177 2977 2534 3057 superiores¹

309 3077 710 3150 inferioribus,
746 3078 853 3138 sed
877 3098 950 3138 ex
977 3078 1247 3139 omnibus
1275 3078 1423 3139 locis
1450 3077 1718 3159 perpetui
1744 3087 1807 3138 et
1831 3075 2057 3149 directi,
2088 3075 2222 3147 sine
2240 3075 2505 3136 inversu-

309 3174 432 3234 ris:
474 3174 586 3247 uti,
633 3195 764 3235 cum
793 3176 1051 3257 populus
1082 3177 1485 3237 dimittebatur
1512 3197 1546 3235 e
1576 3170 1958 3256 spectaculis,
2003 3190 2123 3234 non
2161 3173 2505 3254 comprime-

309 3281 493 3343 retur,
538 3271 645 3332 sed
690 3273 935 3334 haberet
975 3295 1048 3335 ex
1076 3275 1343 3335 omnibus
1374 3274 1521 3336 locis
1551 3274 1743 3334 exitus
1772 3283 2077 3353 separatos
2108 3265 2532 3353 sine-impedi-,

310 3367 495 3428 tione.
582 3369 894 3450 Reliquum
924 3372 1162 3432 Theatri
1211 3372 1516 3433 artificium
1546 3392 1583 3432 a
1610 3372 1799 3452 gradu
1828 3371 2088 3432 omnium
2118 3369 2415 3449 superiore
2442 3367 2505 3427 in

310 3464 893 3528 altitudinem-trium
921 3469 1432 3548 contignationum
1458 3478 1867 3549 exporrectum
1895 3477 2042 3540 erat,
2094 3466 2270 3528 etiam
2312 3465 2505 3533 inhe-

310 3563 669 3642 micyclum:
714 3574 891 3645 atque
932 3567 1016 3626 ita
1057 3567 1510 3635 exaedificatum,
1560 3578 1628 3627 nt
1671 3567 1930 3645 porticus
1982 3566 2274 3625 efficeret:
2318 3562 2505 3623 unde-

310 3660 564 3740 cumque
607 3672 900 3741 patentes,
949 3673 1010 3724 et
1047 3663 1335 3726 columnis
1376 3664 1516 3724 hinc
1560 3674 1622 3725 et
1663 3662 2153 3724 indeornatiores
2182 3662 2393 3729 factas,
2441 3660 2502 3719 in

309 3776 462 3835 quas
490 3759 748 3838 populus
777 3779 840 3819 se
869 3761 1171 3840 reciperet,
1207 3762 1256 3821 si
1285 3762 1526 3842 quando
1554 3770 1792 3842 propter
1824 3761 2035 3819 imbres
2066 3767 2171 3817 aut
2197 3756 2329 3817 coeli
2354 3765 2527 3815 tem-.

308 3864 602 3934 pestatem
633 3855 827 3916 minus
858 3859 1248 3931 commodam,
1295 3858 1421 3918 ludi
1469 3857 1998 3938 interpellarentur.
2083 3854 2228 3914 Earn
2264 3852 2503 3913 Theatri

310 3961 539 4030 partem
590 3951 1047 4015 Praecinctiones
1092 3955 1321 4016 videtur
1350 3956 1648 4036 appellare
1678 3953 1977 4012 Vitruvius
2004 3950 2313 4023 2-Plinius,
2356 3958 2373 3986 ‘
2398 3971 2504 4030 pa-

311 4047 515 4107 rietem
544 4048 1025 4131 circumjectum.'
1106 4053 1227 4112 Sed
1269 4054 1574 4116 inferiores
1605 4061 1667 4112 et
1692 4052 1792 4110 imi
1820 4050 2057 4110 Theatri
2098 4047 2359 4129 porticus
2390 4044 2530 4129 du?-

312 4131 494 4222 pliees
546 4159 735 4220 erant,
775 4149 1088 4229 mediaque
1133 4150 1325 4230 spatia
1374 4153 1485 4212 sub
1532 4151 1669 4211 divo
1716 4150 1868 4210 inter
1917 4146 2173 4228 porticus
2220 4145 2522 4207 viridibus-

316 4240 771 4320 adornabantur,
827 4247 986 4326 quod
1033 4246 1249 4327 (inquit
1300 4247 1627 4325 Vitruvius)
1682 4245 2026 4329 Hypaethrae
2074 4241 2526 4309 ambulationes.
