3050 4942
976 374 1074 444 niz
1123 391 1401 441 Mssrms
1450 391 1777 440 coniers.
2342 378 2471 443 225

297 548 441 597 runt.
523 535 601 596 Et
626 535 791 614 quod
836 529 936 608 de,
981 535 1064 608 in,
1091 545 1152 594 et
1179 553 1313 606 eon,
1358 533 1505 592 dixit
1535 534 1764 607 Cicero,
1787 523 1853 592 in
1882 535 2009 594 aliis
2040 537 2214 595 etiam
2242 556 2471 617 praepo-

298 633 595 693 sitionibus
624 641 686 691 et
710 631 1010 711 particulis
1039 631 1237 690 locum
1280 630 1558 689 habuisse
1596 631 1857 710 plurimis
1886 632 2165 711 exemplis
2213 644 2468 705 constat,

295 750 418 809 quae
445 729 596 790 infra
624 749 732 789 suo
774 730 906 790 loco
935 728 1193 788 afferam.
1279 728 1396 786 Sed
1423 747 1497 785 an
1543 727 1619 786 ad
1647 728 1878 787 illorum
1905 729 2146 789 modum
2179 741 2315 789 ante
2342 750 2473 790 eas-

303 827 428 885 dem
456 836 560 887 aut
582 827 729 887 alias
760 824 1048 906 quasdam
1071 825 1273 886 literas
1302 824 1591 903 producte
1620 824 1796 884 etiam
1824 826 1882 885 in
1912 844 2180 885 sermone
2209 826 2475 887 diceren-

295 933 398 996 tur,
424 942 559 983 cum
586 923 648 982 id
677 944 798 984 non
826 925 901 983 ab
929 923 1116 1002 ipsius
1160 924 1242 984 rei
1271 923 1519 994 ratione,
1559 920 1665 981 sed
1693 942 1766 982 ex
1792 923 2015 1002 linguae
2043 922 2472 984 consuetudine

295 1020 590 1099 penderet,
618 1022 789 1081 nobis
815 1022 1035 1084 frustra
1052 1020 1231 1083 hodie
1259 1022 1558 1101 quaeritur.
2188 1016 2192 1020 ’

368 1117 667 1191 Secundo,
695 1120 755 1177 in
799 1118 1135 1200 dissyllabis
1177 1118 1377 1179 multis
1416 1138 1551 1197 quae
1595 1126 1736 1177 sunt
1760 1116 2218 1198 frequentissimi
2252 1118 2313 1175 in
2356 1136 2477 1177 ser—

297 1234 460 1273 mone
497 1233 671 1289 usus,
713 1215 962 1295 priorem
1000 1237 1108 1298 pro
1149 1216 1320 1279 libitu
1384 1215 1724 1296 corripiunt,
1776 1215 1826 1275 si
1874 1216 2093 1276 vocalis
2147 1215 2339 1276 brevis
2368 1214 2479 1285 ·sit,

297 1322 356 1371 ut
381 1333 439 1371 in

445 1422 586 1469 ante
1003 1410 1145 1472 inde
1488 1408 1714 1490 quippe
2045 1410 2224 1489 hujus

446 1516 643 1566 autern
1007 1507 1160 1569 inter
1488 1507 1649 1567 unde
2047 1508 2147 1568 ille
2168 1509 2195 1536 ²

448 1615 594 1681 ergo
1013 1605 1168 1664 intro
1496 1605 1670 1663 ambo
1901 1623 1902 1626 ’
2056 1604 2177 1665 illic

451 1701 569 1758 etsi
1014 1702 1174 1762 intus
1497 1701 1624 1780 ejus
1642 1700 1659 1738 ³
2053 1702 2198 1762 illuc

452 1798 604 1856 sorte
1018 1818 1230 1877 nempe
1499 1796 1668 1876 cujus
2061 1799 2221 1859 illinc

450 1895 579 1971 ipse
1019 1901 1224 1955 eccum
1498 1911 1720 1976 perque
2055 1915 2191 1957 esse

451 1990 618 2068 ipsus
1016 2010 1217 2052 eccam
1502 1990 1791 2078 numquid
1929 2031 1932 2034 -
2052 1996 2193 2055 estis

453 2088 568 2145 iste
1017 2089 1218 2166 ecquis
1493 2087 1780 2167 quiequid
2055 2103 2256 2153 essent

454 2183 592 2242 istie
1013 2186 1225 2266 ecquid
1433 2250 1435 2253 Α
1499 2204 1761 2266 unquam
2053 2210 2232 2269 posse

454 2280 610 2339 istuc
1016 2282 1156 2342 idne
1497 2303 1685 2363 usque
2053 2286 2209 2348 adde

452 2377 630 2438 istinc
1019 2380 1299 2461 quodque
1501 2401 1753 2462 usquam
2057 2383 2240 2445 redde

2061 2484 2300 2545 omnis.³
2340 2515 2357 2535 ‹

801 2575 1029 2645 Quibus
1053 2576 1264 2652 addae,
1289 2577 1509 2652 hercle,
1535 2578 1737 2654 neve‚⁴
1758 2589 1820 2641 et
1847 2581 1991 2642 sive.

381 2722 600 2793 Tertio,
631 2725 690 2782 in
722 2723 1077 2806 dissyllabis,
1122 2744 1370 2806 quorum
1413 2725 1575 2807 prior
1597 2726 1790 2791 brevis
1820 2738 1933 2799 est,
1984 2728 2230 2789 alteram
2256 2748 2491 2808 quoque

307 2820 630 2899 saepissime
657 2822 1017 2902 corripiunt:
1058 2823 1212 2883 utin
1358 2825 1377 2852 ³

464 2918 624 2996 apud
837 2920 980 2980 foris
1234 2919 1472 3000 quidem
1647 2930 1844 2982 utrum
2088 2921 2268 2981 fidem

462 3015 622 3073 enim
842 3016 999 3078 foras
1235 3017 1414 3078 'simul
1659 3036 1821 3078 amor
2090 3020 2299 3078 Jovem

417 3130 421 3133 ·
465 3112 637 3169 ehem
845 3113 971 3172 heri
1244 3124 1442 3175 tamen
1662 3115 1827 3176 color
2083 3134 2294 3175 manus

379 3250 392 3259 .
466 3209 589 3267 fere
644 3223 645 3226 ’
844 3229 1050 3289 parum
1245 3209 1407 3271 velut
1652 3210 1846 3290 pudor
2093 3211 2287 3270 forum

375 3429 402 3472 1
443 3425 585 3496 Eius]
629 3426 712 3489 In,
741 3428 873 3498 ejus,
900 3427 1067 3491 enjus,
1106 3433 1162 3478 et
1199 3427 1366 3493 hujus,
1512 3433 1543 3477 8
1586 3427 1778 3491 Omnis]
1811 3427 2049 3479 Priorem
2092 3430 2166 3491 in,
2207 3428 2387 3490 omnis,
2428 3428 2496 3475 vi-

309 3508 367 3548 ιη
393 3502 534 3563 prior
557 3503 893 3568 corripiatur,
915 3504 933 3554 i
956 3518 1181 3554 consona
1202 3504 1256 3553 in
1278 3519 1365 3554 vo·
1416 3499 1421 3502 ’
1446 3502 1637 3553 dentur
1692 3505 2078 3567 pronuntiasse,
2130 3512 2186 3553 ut
2249 3504 2373 3554 Itali
2448 3499 2500 3550 in'

310 3578 475 3628 caleni
497 3580 739 3644 vertitur,
761 3588 816 3629 et
838 3596 953 3631 eum
977 3581 1147 3631 vocali
1168 3595 1365 3645 praece-
1445 3595 1585 3643 agne.

309 3653 470 3702 dente
506 3656 922 3722 diphthongescit
947 3674 963 3718 ;
997 3657 1367 3721 diphthongum
1510 3661 1543 3706 4
1578 3656 1733 3721 Neve]
1759 3655 1911 3707 Neve
1932 3663 1989 3707 et
2009 3658 2135 3717 sive,
2165 3671 2281 3706 cum
2303 3655 2500 3720 pyrrhi-

312 3738 489 3780 autem
510 3742 632 3782 ante
659 3735 889 3784 vocalem
918 3735 1111 3798 corripi
1131 3733 1199 3783 ad
1222 3735 1369 3785 Grae·
1449 3733 1552 3785 chii
1576 3734 1748 3783 locum
1778 3733 2014 3783 obtinere
2036 3733 2298 3795 videntur,
2318 3732 2502 3796 opinor

312 3820 494 3856 eorum
514 3810 804 3872 exemplum
824 3808 992 3872 poetis
1012 3809 1208 3860 Latinis
1225 3808 1367 3859 fami·
1448 3825 1546 3875 pro
1555 3809 1917 3874 monosyllabis
1932 3810 2104 3874 potius
2118 3809 2353 3858 habenda
2366 3822 2503 3868 esse,

311 3884 442 3933 liare
468 3893 578 3933 est:
603 3893 660 3934 et
681 3887 799 3935 hinc
822 3885 883 3935 fit
905 3885 1041 3950 quod
1059 3900 1194 3950 cum,
1216 3885 1373 3947 modi,
1449 3894 1506 3937 et
1534 3886 1661 3936 licet
1698 3887 1854 3949 plane
1889 3885 2200 3947 scribantur,
2235 3890 2503 3934 contracte

313 3962 600 4021 composita
638 3973 781 4024 saepe
816 3976 876 4010 us
914 3962 1184 4026 abjiciant,
1207 3968 1263 4011 et
1295 3962 1371 4011 di·
1450 3961 1772 4029 pronuntiari
1808 3969 2070 4024 oportere,
2109 3967 2169 4011 ut
2201 3976 2289 4011 neu
2312 3968 2367 4009 et
2387 3975 2504 4016 seim·

314 4036 504 4096 cimus,
525 4039 733 4100 eimodi,
754 4039 994 4103 cuimodi,
1014 4032 1263 4091 huimod'i‘.
1444 4047 1506 4090 'et
1531 4039 1651 4089 inde
1690 4052 1815 4092 esse,
1838 4036 1977 4112 qupd
2012 4038 2101 4087 θίν’
2144 4045 2392 4105 corrupta
2422 4038 2506 4098 sit,

380 4116 416 4160 2
454 4113 565 4177 Iue]
599 4115 753 4163 Prior
789 4116 860 4178 in,
893 4116 1005 4179 ille,
1025 4117 1156 4179 ipse,
1178 4123 1233 4167 et
1258 4117 1374 4182 iste,
1452 4114 1589 4165 And.
1624 4111 1665 4163 1.'
1700 4117 1750 4163 3.
1783 4116 1834 4164 2.
1889 4112 2009 4162 Sive
2053 4112 2155 4162 ista
2192 4128 2375 4174 uxor,-
2397 4111 2504 4160 sive

315 4189 598 4252 corripitur
620 4205 714 4253 per
737 4207 914 4243 omnes
937 4207 1102 4256 casus,
1119 4201 1173 4243 et
1192 4208 1375 4245 secun·
1456 4192 1690 4245 ezr-mica
1721 4198 1801 4242 est
1817 4219 1835 4231 -
1855 4189 2066 4255 gravida
2105 4206 2132 4241 e
2148 4201 2213 4241 =
2231 4190 2507 4254 Pamphilo

315 4265 387 4313 da
406 4263 521 4314 fere
542 4266 612 4328 in,
632 4268 791 4331 illius,
812 4268 995 4334 ipsius,
1014 4275 1071 4320 et
1091 4268 1255 4320 istius.
1457 4278 1559 4320 est.

455 4346 625 4413 Delph.
646 4356 695 4400 et
720 4350 832 4404 Var.
854 4350 984 4400 Clas.
1344 4350 1533 4400 Terent.
2334 4346 2380 4393 P
