3050 4942
501 335 590 403 88
958 347 1324 400 flammas
1372 348 1666 400 namsu
1717 347 2237 403 msssnu‘mo.

504 502 666 567 sunt,
714 493 819 573 qui
845 491 1155 565 concinne,
1199 500 1261 550 et
1297 488 1818 569 quemadmodum,
1860 500 1922 551 et
1947 511 2083 552 cnm
2111 501 2362 572 oportet,
2399 494 2701 574 jocantur·

505 592 674 652 Sicut
699 590 853 650 enim
880 608 1127 669 corpora
1153 587 1527 668 distinguunt
1557 588 1648 647 sui
1673 597 1888 659 motus,
1937 598 2025 664 ut,
2078 589 2331 670 exempli
2358 592 2568 670 gratia,
2611 592 2703 670 ig-

505 708 641 747 nem
668 697 731 749 et
755 686 1036 766 quicquid
1066 686 1195 745 leve
1223 694 1336 759 est,
1365 695 1562 746 motus
1589 686 1692 765 qui
1721 686 1781 744 in
1811 686 1993 747 altum
2023 687 2225 762 fertur,
2265 706 2442 768 grave
2471 697 2700 759 contra,

504 795 700 846 motus
728 784 831 863 qui
853 783 931 843 ad
959 782 1238 857 medium,
1266 781 1592 863 eodemque
1618 781 1796 842 modo
1821 783 1882 841 in
1912 781 2075 850 aliis;
2105 782 2189 843 ita
2215 803 2289 843 ex
2314 783 2386 843 iis
2408 784 2509 863 qui
2534 797 2703 845 extra

505 891 665 955 sunt,
693 890 753 940 et
780 880 881 961 qui
909 881 969 938 in
1000 879 1205 939 oculos
1234 879 1543 941 incurrunt
1572 880 1874 942 hominum
1896 880 2175 950 motibus,
2203 879 2439 940 habitus
2462 899 2698 960 quoque

503 986 788 1057 apparent
816 976 1027 1037 animae
1056 985 1116 1036 et
1144 977 1379 1035 mores?
1459 976 1619 1043 Quia
1664 986 1864 1038 autem
1910 976 2064 1036 risus
2107 975 2202 1048 iis,
2248 984 2318 1035 ut
2361 977 2698 1055 plurimum,

502 1076 604 1152 qui
631 1073 824 1133 minus
851 1082 992 1133 sunt
1016 1073 1273 1143 honesti,
1318 1072 1526 1151 quales
1555 1073 1823 1132 homines
1865 1072 2079 1152 plebeii
2128 1083 2268 1132 sunt
2313 1082 2416 1132 aut
2454 1092 2697 1144 scurrae,

502 1180 704 1249 gratus
732 1189 864 1230 esse
896 1169 1049 1230 solet
1071 1189 1087 1236 ;
1132 1168 1269 1227 hinc
1298 1169 1384 1241 fit,
1430 1169 1622 1246 inquit
1666 1167 1824 1230 idem
1851 1167 2223 1243 Aristoteles,
2271 1177 2359 1241 ut,
2402 1169 2505 1247 qui
2531 1188 2698 1229 scur-

499 1264 639 1325 riles
670 1275 830 1340 sunt,
879 1265 1085 1326 urbani
1137 1265 1314 1325 etiam
1345 1264 1636 1326 dicantur.
1720 1266 1908 1327 Addit
1954 1275 2170 1340 autem,
2217 1264 2382 1345 quod
2425 1275 2698 1344 spectare

500 1360 619 1439 huc
659 1362 900 1441 propius
944 1362 1207 1422 videtur:
1251 1369 1266 1396 ‘
1301 1361 1637 1423 Discrimen
1678 1382 1819 1423 vero
1863 1383 1938 1423 ex
1965 1363 2229 1442 Antiqua
2256 1362 2564 1422 Comoedia
2591 1382 2700 1441 ap·-

499 1468 667 1536 paret
695 1468 757 1518 et
781 1459 971 1519 Nova.
1056 1458 1210 1517 Nam
1252 1458 1310 1516 in
1359 1458 1463 1517 illa
1500 1458 1562 1519 id
1607 1459 1766 1537 quod
1815 1459 2179 1530 obscoenum,
2222 1458 2284 1517 in
2329 1457 2446 1517 hac
2472 1469 2697 1530 autem,

502 1553 663 1631 quod
694 1556 1089 1635 suspicionem
1118 1564 1347 1615 tantum
1371 1556 1499 1634 ejus
1521 1568 1740 1629 movet,
1762 1556 1939 1615 risum
1964 1574 2204 1634 quoque
2226 1553 2497 1633 exprimit
2511 1574 2528 1622 ;
2559 1573 2696 1633 quae

501 1669 621 1710 non
649 1670 857 1731 parum
887 1652 1165 1714 differunt
1192 1653 1269 1711 ad
1299 1654 1711 1714 venustatem.’
1782 1653 1947 1714 Idem
1972 1653 2048 1713 de
2076 1651 2300 1712 cavillis
2323 1670 2561 1730 quoque
2588 1650 2698 1710 ad·

502 1745 593 1805 dit
617 1758 679 1809 et
704 1748 1007 1809 conviciis.
1080 1748 1307 1817 Quibus
1332 1749 1692 1810 abstinuisse
1721 1749 2000 1812 Plautum
2030 1757 2285 1821 constat,
2310 1767 2443 1808 cum
2466 1747 2698 1807 obscoe-

501 1842 686 1903 nitate
731 1844 948 1904 nemini
990 1845 1301 1905 concedat.
1389 1846 1581 1925 Hujus
1627 1855 1823 1906 autem
1867 1846 1928 1904 in
1969 1854 2221 1924 utroque
2261 1863 2333 1904 ex
2362 1841 2696 1902 Aristotelis

491 1937 719 2015 judicio
746 1940 1060 2001 discrimen
1088 1941 1415 2005 videamus.
1502 1940 1751 2022 Byrrhia
1777 1939 1936 2022 apud
1965 1939 2303 2000 Terentium
2331 1936 2592 1998 Andria:

747 2086 875 2166 Ego
897 2086 1058 2145 illam
1090 2086 1207 2147 vidi
1232 2087 1551 2166 virginemz
1595 2087 1782 2155 forma
1808 2088 1967 2147 bona

746 2184 992 2243 Memini
1021 2183 1215 2244 videre
1242 2205 1256 2244 :
1301 2204 1420 2265 quo
1449 2184 1672 2263 sequior
1700 2205 1830 2244 sum
1858 2182 2190 2264 Pamphilo,

746 2280 810 2338 Si
840 2300 904 2339 se
927 2280 1087 2340 illam
1113 2282 1174 2340 in
1204 2282 1449 2354 somnis,
1478 2300 1659 2360 quam
1686 2281 1872 2352 illum,
1902 2279 2176 2358 amplecti
2202 2275 2426 2338 maluit.

501 2421 685 2483 Vides
715 2423 775 2482 in
804 2422 919 2499 his,
951 2444 1071 2485 non
1100 2427 1564 2499 obscoenitatem,
1607 2425 1714 2486 sed
1756 2424 2150 2504 suspicionem
2178 2424 2260 2482 rei
2288 2442 2492 2503 parum
2526 2440 2692 2480 vere·-

503 2520 738 2594 cundae,
768 2525 858 2581 καὶ
888 2524 1178 2594 ὑπόνοιαν,
1206 2544 1341 2602 quoe
1371 2533 1492 2583 tam
1522 2533 1617 2583 est
1642 2521 1912 2595 honesta,
1961 2531 2030 2581 ut
2056 2525 2092 2581 'a
2114 2521 2321 2600 quavis
2349 2521 2576 2599 virgine
2602 2518 2691 2591 id,

500 2617 831 2677 urbanitate
862 2620 1047 2692 salva,
1076 2619 1192 2679 dici
1220 2621 1430 2700 possit.
1517 2618 1677 2689 Quid
1705 2618 1862 2678 enim
1889 2617 2148 2689 suavius,
2177 2636 2355 2696 quam
2397 2622 2413 2650 ‘
2443 2617 2502 2675 in
2532 2633 2693 2674 som-

501 2714 590 2771 nis
636 2715 909 2795 amplecti
929 2715 973 2773 2’
1012 2725 1075 2777 et
1115 2717 1374 2796 quidem,
1428 2717 1478 2778 si
1521 2716 1597 2776 de
1623 2717 1744 2776 viro
1773 2728 1833 2776 et
1859 2716 2118 2774 formosa
2144 2714 2394 2793 conjuge
2422 2711 2650 2772 dicatur
2679 2716 2694 2771 1

502 2808 641 2867 Non
667 2811 821 2871 enim
852 2812 998 2873 dicit
1022 2812 1233 2885 βινεῖν,
1263 2814 1424 2893 quod
1457 2814 1889 2893 Aristophanes
1920 2811 2189 2881 dixisset,
2235 2830 2345 2871 nec
2373 2829 2508 2888 quse
2535 2808 2594 2866 in
2624 2825 2689 2866 re

498 2906 605 2965 tali
638 2907 887 2968 Plautus
916 2928 1203 2988 usurpare
1241 2911 1411 2983 solet,
1455 2911 1560 2989 qui
1601 2930 1711 2970 nec
1738 2910 1987 2970 honeste
2014 2927 2088 2968 ea
2114 2907 2279 2980 dicit,
2323 2916 2384 2967 et
2409 2907 2690 2967 obscoene

503 3003 999 3084 circumloqui'tur.
1084 3006 1238 3065 Nam
1268 3008 1465 3085 qualia
1494 3019 1635 3066 sunt
1660 3007 1776 3066 ista
1804 3007 2060 3066 Casina!

661 3150 779 3211 Or...
814 3149 928 3209 Ubi
953 3149 1120 3211 locus
1147 3162 1377 3214 sumtus
1405 3173 1579 3234 porro
1606 3162 1719 3228 est,
1745 3156 2024 3214 continuo
2047 3152 2251 3214 stricto
2272 3148 2500 3233 gladio:
2532 3152 2685 3208 atat!

897 3253 1101 3332 papae!
1141 3255 1350 3330 papae!
1435 3251 1551 3311 C1..
1594 3248 1754 3320 Quid
1779 3251 1841 3311 id
1868 3248 2113 3332 papae?

655 3346 774 3405 01..
809 3345 1126 3425 Flagitium
1154 3347 1231 3407 oh
1258 3357 1384 3409 erat
1407 3348 1761 3411 maximum:
1804 3347 2064 3428 gladium
2094 3366 2169 3407 ne
2196 3345 2440 3405 haberet
2464 3343 2684 3404 metui:

895 3443 958 3502 id
984 3463 1246 3522 quaerere
1275 3445 1496 3526 occepi.

657 3539 816 3600 Dum
840 3539 1105 3619 gladium
1133 3561 1209 3601 ne
1236 3541 1456 3603 habeat
1480 3563 1705 3624 quaero,
1734 3543 1945 3622 arripio
1973 3542 2272 3622 capulum.

496 3669 649 3730 Nam
680 3681 894 3745 cetera,
944 3671 1005 3731 in
1045 3670 1259 3751 quibus
1297 3672 1475 3751 plane
1511 3670 1788 3752 loquitur,
1835 3668 2156 3751 praesertim
2185 3686 2320 3728 cum
2349 3666 2424 3727 de
2451 3666 2683 3728 Venere

489 3770 708 3848 ἆρῤἠτῳ
746 3767 887 3849 agit,
932 3787 1006 3829 ea
1032 3788 1170 3829 vero
1198 3789 1271 3829 ne
1298 3788 1749 3831 commemorare
1775 3768 2014 3849 quidem
2040 3766 2217 3827 malo.
2298 3764 2454 3824 Puto
2482 3774 2681 3824 autem

494 3864 639 3925 satis
669 3884 802 3924 esse
828 3864 1226 3935 manifestum,
1274 3866 1449 3926 etiam
1476 3885 1612 3925 cum
1638 3865 2117 3943 circumloquitur
2142 3880 2278 3941 quse
2304 3880 2512 3941 parum
2540 3871 2682 3921 sunt

490 3961 764 4034 honesta,
810 3980 881 4021 ne
907 3961 1156 4023 honeste
1186 3961 1444 4042 quidem,
1495 3974 1556 4023 et
1593 3982 1726 4023 cum
1756 3962 2136 4021 honestarum
2165 3958 2391 4022 aurium
2417 3956 2679 4022 fastidio,

490 4056 554 4116 id
581 4057 724 4116 fieri.
807 4055 990 4116 Vides
1017 4076 1159 4138 crgo
1188 4059 1409 4138 passim
1437 4058 1669 4119 Veteris
1697 4057 2032 4136 imaginem,
2059 4056 2258 4129 etiam,
2286 4053 2362 4115 de
2391 4073 2511 4132 quo
2539 4072 2677 4118 mox

488 4154 668 4234 paulo
692 4162 851 4234 post,
881 4153 1192 4218 dicacitate
1220 4175 1291 4216 ac
1317 4155 1747 4220 maledicentia.
1806 4155 1956 4225 Quoe
1977 4153 2229 4216 Athenis
2250 4150 2462 4240 partim
2488 4150 2676 4231 leges,
