3050 4942
836 376 901 424 τ.
950 375 1175 425 rAsm
1225 374 2001 427 ossnnvarwncunffl.
2374 362 2501 429 187

318 518 564 599 negotio
591 527 650 578 et
678 518 806 579 sine
832 519 993 579 omni
1040 519 1395 581 insuavitate
1436 518 1736 600 explicuit.
1815 519 2015 589 Quare
2044 538 2163 580 non
2190 521 2499 597 assentior,

313 632 511 696 neque
563 615 905 688 Plutarcho,
957 618 1060 696 qni
1128 618 1470 692 Homerum,
1522 616 1857 678 studiosum
1907 619 2082 677 bonoe
2128 618 2498 693 narrationis,

313 711 804 792 compositionem
830 712 1166 793 neglexisse
1208 715 1432 789 scribit,
1481 725 1543 775 et
1583 715 1836 796 primum
1875 715 2078 776 statim
2105 734 2334 776 versum
2364 720 2503 797 ἄμε-

314 831 449 886 ηοον
472 808 760 869 extulisse
778 829 799 869 ε

560 924 760 996 Μῆνιν
789 921 965 993 ἄειδε,
995 929 1121 997 θεὰ,
1151 924 1487 998 Πηληϊάδεω
1510 925 1822 1008 Ἀχιλῆοςε

309 1052 436 1095 non
465 1035 625 1095 enim
652 1035 752 1096 ille
779 1037 862 1097 ita
908 1038 1138 1111 extulit,
1184 1050 1253 1099 ut
1279 1037 1657 1113 Plutarchus,
1695 1040 1878 1100 multo
1919 1040 2111 1099 minus
2153 1046 2219 1099 ut
2246 1058 2378 1112 nos,
2404 1057 2501 1099 se-

308 1131 576 1193 cundum
618 1134 971 1215 perscriptas
1011 1136 1245 1196 literas:
1311 1157 1503 1217 neque
1550 1137 1851 1218 Scaligero
1897 1137 2223 1198 infulcienti
2243 1121 2497 1196 ¹creticos

309 1228 370 1288 in
400 1231 690 1291 iambicos
721 1231 947 1293 modos.
1033 1232 1160 1292 Etsi
1195 1231 1273 1291 ad
1298 1233 1411 1294 hoc
1455 1233 1748 1294 delabitur
1792 1244 1876 1304 ut,
1905 1233 2199 1313 voluptas,
2228 1250 2498 1312 anapaes-

308 1325 490 1386 ticam
517 1328 669 1387 velit*
704 1348 836 1389 esse
886 1326 1205 1388 dictionem
1216 1348 1245 1398 3
1288 1328 1350 1388 id
1393 1330 1633 1410 quidem
1681 1330 1912 1403 meliuS,
1940 1329 2045 1389 sed
2073 1330 2191 1390 illae
2221 1333 2500 1406 συγκοπαὶ

307 1424 810 1500 pronuntiationis
838 1424 1054 1486 rectius
1081 1425 1404 1506 expediunt
1446 1447 1742 1500 numeros,
1772 1447 1900 1487 mea
1927 1428 2162 1507 quidem
2189 1428 2502 1502 sententia,

307 1528 369 1578 et
392 1520 752 1600 antiquitate
780 1533 950 1596 teste,
988 1522 1156 1603 cujus
1210 1544 1392 1584 unum
1436 1526 1615 1586 etiam
1643 1546 1802 1587 nuno
1845 1525 2179 1605 exemplum
2207 1524 2498 1586 adducere

304 1618 523 1692 visum,
556 1619 844 1679 Hesiodi:

537 1731 782 1813 “Acxpyh
811 1744 991 1815 χεῖμα
1022 1735 1181 1814 κακῇ,
1210 1738 1355 1811 θέρει
1386 1737 1665 1819 ἀργαλέῃ,
1696 1732 1942 1794 οὐδέποτ’
1967 1735 2163 1816 ἐσθλῇ.

308 1843 423 1904 Est
446 1843 605 1904 enim
636 1848 754 1924 θρεῐ
780 1860 842 1907 et
868 1853 961 1922 λη.
1044 1850 1164 1910 Sed
1193 1850 1269 1911 de
1309 1849 1423 1910 hae
1463 1868 1549 1921 re,
1593 1867 1726 1908 cum
1773 1857 2003 1907 tantum
2039 1846 2167 1926 jam
2193 1847 2497 1906 verborum

305 1940 569 2014 fecerim,
598 1942 734 2021 plus
782 1944 1022 2025 quidem
1058 1966 1235 2026 quam
1277 1946 1446 2006 initio
1492 1945 1863 2004 institueram
1906 1963 2001 2004 me
2027 1943 2319 2003 facturum
2345 1962 2499 2016 esse,

305 2055 469 2096 nunc
498 2036 788 2113 desinam,
816 2050 878 2100 et
912 2041 1044 2104 haee
1071 2054 1275 2103 nostra
1312 2042 1544 2123 judicio
1592 2041 1837 2103 aliorum
1866 2042 2184 2102 submitto:
2226 2048 2315 2128 et,-
2334 2039 2497 2118 quod

306 2143 518 2206 restat,
556 2136 1026 2199 observationem
1071 2150 1131 2200 et
1178 2158 1382 2199 curam
1423 2138 1631 2200 barum
1657 2158 1850 2199 rerum
1893 2137 2259 2218 diligentium
2304 2133 2499 2194 studio

303 2231 633 2292 committo.
740 2234 1360 2316 Quantulamcumque
1429 2246 1627 2297 autem
1683 2254 1919 2315 operam
1967 2235 2127 2294 hano
2192 2231 2497 2292 industrie

303 2345 456 2387 mese
485 2328 664 2407 cupio
692 2348 896 2391 omnes
923 2333 1061 2392 boni
1088 2331 1420 2404 consulere„
1459 2332 1621 2412 quod
1650 2333 1839 2392 bonos
1867 2342 1928 2391 et
1974 2333 2259 2391 bonarum
2287 2331 2496 2389 artium

303 2423 558 2504 cupidos
589 2426 714 2485 scio
740 2446 875 2488 esse
903 2429 1161 2489 facturos
1186 2447 1201 2487 t
1262 2428 1301 2486 ii
1331 2429 1484 2488 enim
1513 2448 1706 2508 neque
1736 2427 1915 2487 ullam
1940 2426 2003 2486 in
2031 2425 2211 2486 literis
2240 2423 2495 2504 exquisi-

303 2520 525 2581 tionem
552 2522 730 2583 nimis
756 2544 997 2603 parvam
1024 2536 1086 2585 et
1112 2525 1344 2587 futilem
1373 2526 1620 2597 ducunt,
1648 2545 1844 2604 neque
1868 2524 1979 2583 hos
2005 2531 2254 2584 conatus
2282 2519 2495 2601 judicii

303 2619 492 2679 nostri
520 2630 801 2700 poterunt
828 2621 1161 2703 despicere:

482 2775 493 2782 ·
550 2750 698 2830 Περὶ
724 2750 790 2812 δὲ
815 2764 925 2813 τῶν
954 2756 1169 2827 ἄλλων,
1198 2756 1263 2813 οὗ
1290 2754 1508 2834 φροντὶς
1530 2725 1903 2834 ‘In-rodeid}

647 3168 732 3234 Τ.
803 3167 1103 3237 FABRI
1173 3162 2151 3235 OBSERVATIUNCULAE

730 3348 1256 3401 MIscl-:LLANEAE
1287 3348 1387 3400 AD
1420 3347 1683 3400 METRA
1708 3346 2071 3400 TERENTII.

303 3509 444 3572 Inu
476 3533 541 3574 se
573 3511 713 3573 mihi
752 3532 970 3594 magna
996 3513 1254 3593 quadam
1282 3513 1607 3594 voluptate,
1647 3523 1708 3574 et
1749 3513 1946 3574 fructu
1987 3511 2151 3573 haud
2190 3509 2489 3582 mediocri,

298 3609 526 3687 privare
552 3609 844 3682 videntur,
871 3610 973 3689 qui
1000 3611 1333 3672 Terentium
1362 3611 1670 3671 studentes
1697 3612 1911 3690 legere,
1940 3629 2051 3670 nec
2081 3618 2265 3669 metra
2288 3616 2493 3665 tamen-

300 3703 423 3778 illa,
451 3706 586 3784 quis
628 3706 716 3765 uti
753 3706 1067 3767 Terentius
1116 3707 1445 3778 consuevit,
1487 3725 1727 3766 novere.
1811 3704 2115 3765 Memoriae
2163 3702 2318 3763 enim
2363 3709 2488 3759 tam

302 3812 635 3874 venustum,
662 3811 900 3881 tamque
926 3803 1237 3863 amabilem
1282 3802 1625 3883 scriptorem
1672 3802 1803 3881 quis
1844 3800 2126 3862 mandare
2174 3795 2386 3878 possit,
2426 3804 2488 3854 et

282 3897 646 3958 ‘mandatnm
668 3898 990 3972 custodire,
1040 3900 1155 3959 nisi
1196 3900 1248 3959 si
1299 3911 1361 3960 et
1402 3899 1530 3979 ipse
1558 3907 1747 3959 metra
1785 3897 1941 3957 illius
1969 3892 2267 3956 senserit?
2308 3892 2486 3964 Dein,

301 3995 484 4055 multo
510 3995 621 4055 sibi
668 3996 948 4076 majorem
976 3996 1488 4057 admirabilitatem
1535 3997 1713 4077 poeta
1741 4002 2060 4074 comparet,
2089 3991 2189 4051 ubi
2215 3987 2488 4052 intellex-

301 4090 449 4151 erint
473 4091 724 4154 lectores
753 4111 872 4172 quo
901 4111 1116 4172 genere
1140 4093 1417 4155 carminis
1445 4093 1544 4154 hie
1573 4102 1677 4153 aut
1711 4091 1809 4153 hic
1834 4100 2054 4151 utatur.
2138 4089 2296 4151 Nam
2325 4087 2485 4168 apud

303 4184 634 4250 Terentium
662 4189 907 4269 ‘quidem
935 4190 1111 4270 plane
1136 4190 1220 4252 ita
1238 4189 1503 4252 videmus
1531 4188 1656 4250 fieri
1683 4208 1755 4252 ac
1782 4187 1944 4269 apud
1971 4187 2282 4268 Virgilium
2307 4185 2483 4257 solet,
