3050 4942
809 408 1182 459 DANIELIS
1226 404 1520 456 HmNsu
1570 406 2091 457 DisSERTA'rm.
2453 393 2543 463 93

356 554 454 634 qui
482 572 602 613 non
628 549 946 632 intelligat.
1029 552 1100 611 In
1148 552 1442 623 Terentio,
1492 552 1590 611 cui
1640 553 1751 613 soli
1799 554 2002 614 Artem
2048 555 2297 617 Flaccus
2343 567 2546 620 noster

355 650 699 730 assignavit,
728 650 874 709 nihil
900 649 1038 710 tale.
1124 649 1341 709 Omnia
1368 669 1503 709 cum
1544 648 1793 728 judicic,
1844 671 1978 710 cum
2020 653 2268 728 ratione,
2295 655 2545 716 circum-

356 757 581 827 specte,
598 768 671 807 ex
687 757 834 821 arte,
849 757 910 806 et
937 765 1071 806 cum
1090 766 1251 806 cura.
1309 745 1463 805 Nam
1480 755 1540 804 et
1562 746 1804 805 Fabulae
1826 746 2116 826 insignem
2140 750 2260 810 fere
2283 770 2417 812 cum
2435 772 2543 832 ag-

352 845 578 905 nitione
607 845 995 904 mutationem
1032 842 1293 902 habent:
1324 863 1495 921 quaS,
1525 844 1675 903 inter
1703 848 1800 903 τὰς
1822 848 1899 922 μὴ
1929 848 2116 905 ἁπλᾶς
2144 845 2264 906 sive
2292 853 2546 925 πεπλεγ·

348 944 549 1021 μένας,
577 961 710 1002 esse
736 941 1191 1020 perfectissimas
1223 960 1468 1001 necesse
1498 950 1612 1002 est.
1676 939 1884 1008 Qualis
1909 952 1969 1000 et
1996 943 2055 1000 in
2077 942 2302 1022 reliqua
2330 943 2545 1026 ubique

354 1037 761 1117 Dispositione
788 1048 898 1096 est.
986 1036 1165 1107 Quod
1193 1036 1269 1096 ad
1302 1037 1640 1097 Dictionem
1690 1032 1906 1110 autem,
1934 1039 2063 1116 quis
2094 1042 2352 1124 negabit,
2380 1062 2545 1120 quae-

349 1133 489 1193 dam
537 1155 670 1195 esse
711 1135 771 1194 in
803 1134 1038 1207 Plauto,
1086 1155 1220 1215 quae
1269 1154 1382 1195 nec
1414 1135 1610 1195 locum
1638 1144 1805 1194 extra
1845 1154 2103 1210 scenam,
2151 1158 2342 1215 neque
2372 1160 2544 1199 usum

348 1231 462 1290 nisi
491 1230 647 1292 inter
672 1231 988 1293 histriones
1018 1232 1284 1293 habent?
1344 1231 1502 1293 unde
1549 1233 1677 1293 solo
1723 1240 1785 1291 et
1833 1232 2048 1311 exiguo
2086 1232 2299 1293 theatri
2328 1238 2547 1297 ambitu

347 1328 928 1390 circumscribuntur.
1042 1328 1199 1388 Nam
1258 1338 1321 1388 et
1366 1332 1740 1404 ἀγωνιστικὸν
1784 1326 1843 1390 in
1900 1332 2048 1402 for0,
2102 1339 2294 1410 neque
2351 1333 2546 1393 minus

349 1426 647 1507 γραφικὸν,
677 1426 799 1486 sive
828 1428 1111 1486 usitatum
1138 1426 1199 1485 in
1230 1425 1540 1489 scribendo
1568 1428 1989 1501 characterem,
2017 1429 2193 1504 longe
2213 1429 2546 1491 excedunt:

349 1541 471 1603 quo
498 1524 715 1603 ubique
764 1523 956 1595 Nova,
1003 1534 1064 1584 et
1100 1523 1228 1603 jam
1272 1523 1606 1595 emendata,
1656 1527 1899 1607 respicit
1938 1524 2266 1586 Comoedia.
2351 1528 2547 1597 Quare

349 1620 562 1691 Varro,
614 1639 751 1680 cum
806 1621 1094 1698 sermonis
1146 1621 1386 1682 laudem
1423 1621 1517 1680 -illi
1548 1622 1768 1695 tribuit,
1816 1624 1975 1682 idem
2018 1622 2180 1702 quod
2221 1623 2440 1703 ubique
2482 1626 2545 1684 in

350 1716 609 1796 scriptis,
653 1718 861 1796 quanti
903 1718 1124 1777 faceret
1167 1717 1597 1797 antiquitatem,
1642 1721 1985 1800 profiteturz
2028 1728 2096 1777 ut
2131 1720 2231 1797 qui
2261 1726 2333 1780 ra*
2367 1725 2547 1799 ἀπηρ-

348 1820 671 1893 χαιωμένα,
701 1814 922 1893 quaein
968 1813 1184 1874 Plauto
1212 1816 1425 1893 partim
1463 1835 1656 1876 aevum
1700 1837 1818 1895 quo
1861 1817 1991 1875 haec
2026 1816 2281 1894 scripsit,
2311 1819 2541 1897 partim,

348 1929 485 1987 quae
514 1909 815 1988 plerisque
842 1908 1060 1988 placet,
1089 1911 1223 1990 ipsa
1250 1909 1445 1971 desita
1481 1922 1731 1972 excusat
1757 1913 2101 1992 antiquitas,
2152 1913 2546 1972 commendat.

352 2004 527 2064 Unde
548 2015 613 2065 et
639 2006 767 2084 ipse
794 2006 897 2084 qui
926 2007 1010 2066 sic
1029 2005 1341 2085 judicavit,
1368 2017 1436 2066 ut
1462 2006 1703 2067 nimium
1749 2008 2115 2087 antiquitatis
2143 2008 2203 2067 in
2233 2008 2549 2068 scribendo

350 2100 682 2172 studiosus,
724 2122 918 2182 neque
966 2102 1109 2163 satis
1138 2105 1249 2165 aevi
1290 2104 1382 2164 sui
1427 2124 1667 2178 memor,
1702 2106 1890 2165 Varro
1926 2107 2000 2165 ab
2028 2105 2283 2183 antiquis
2312 2104 2549 2165 Criticis

350 2208 612 2259 notatur.
699 2199 815 2268 Qui
866 2220 1000 2260 cum
1032 2201 1292 2261 sentiant
1320 2202 1427 2273 sic,
1469 2202 1885 2282 judicentque,
1925 2203 2133 2276 nobiS,‘
2161 2202 2261 2283 qui
2311 2204 2387 2262 ab
2428 2202 2551 2262 illis

350 2296 561 2356 merito
615 2296 965 2376 pendemuS,
1011 2297 1285 2377 equidem
1331 2300 1651 2359 tacendum
1695 2320 1846 2361 reor.
1943 2300 2168 2360 Auctor
2213 2299 2288 2360 de
2335 2299 2551 2359 Causis

351 2392 725 2473 Eloquentiae
772 2395 1122 2475 Corruptae:
1189 2403 1206 2430 ‘
1232 2395 1540 2457 Neminem
1586 2397 1944 2466 nominab03
2010 2417 2198 2476 genus
2241 2396 2548 2457 hominum

351 2489 625 2569 signasse
653 2500 1003 2551 contentus:
1047 2490 1154 2552 sed
1196 2493 1361 2552 vobis
1408 2493 1614 2572 utique
1646 2502 1951 2554 versantur
1995 2502 2132 2552 ante
2174 2492 2401 2566 oculos,
2443 2492 2549 2571 qui

353 2586 640 2646 Lucilium
668 2598 773 2666 pro
825 2586 1098 2662 Horati0‚
1143 2597 1207 2647 et
1254 2587 1585 2649 Lucretium
1632 2608 1739 2668 pro
1775 2588 2027 2666 Virgilio
2051 2586 2290 2667 legunt:
2333 2586 2547 2665 quibus

350 2683 692 2762 eloquentia
718 2685 804 2743 tui
843 2683 1063 2744 Aufidii
1110 2685 1283 2744 Bassi
1328 2695 1431 2745 aut
1460 2685 1688 2744 Servilii
1717 2685 1970 2744 Noviani
2008 2704 2080 2743 ex
2107 2683 2549 2762 comparatione

354 2780 623 2840 Sisennae
664 2791 767 2840 aut
796 2779 1078 2841 Varronis
1126 2780 1369 2841 sordet.'
1451 2780 1632 2848 Quod
1677 2799 1752 2839 ex
1793 2780 2035 2839 vocibus
2063 2779 2319 2857 antiquis
2358 2787 2545 2856 patet,

343 2896 501 2955 -quas
531 2896 607 2938 ex
630 2878 790 2937 libris
819 2877 947 2956 ejus
979 2878 1184 2938 Critici
1209 2878 1502 2957 legerunt,
1532 2897 1668 2936 cum
1707 2896 1826 2935 non
1856 2894 2049 2955 pauca
2073 2873 2190 2934 alia
2210 2892 2287 2933 ex
2316 2874 2548 2951 scriptis

352 2974 476 3052 ejus
506 2975 631 3053 peti
657 2976 912 3054 possint.
995 2975 1255 3055 Ideoque
1283 2976 1514 3048 Cicero,
1565 2975 1665 3053 qui
1696 2973 1770 3033 de
1799 2973 1993 3033 aetatis
2038 2991 2163 3031 suae
2190 2982 2252 3031 et
2278 2988 2549 3030 sermone

350 3083 412 3133 et
446 3082 761 3134 venustate
800 3072 1055 3132 maxima
1081 3092 1217 3132 cum
1265 3092 1406 3133 cura
1440 3071 1773 3152 judicabat,
1813 3069 2050 3130 laudem
2075 3069 2233 3129 hanc
2271 3069 2547 3128 Terentio

349 3169 605 3230 cessisse
632 3170 840 3229 merito
869 3168 1231 3248 pronuntiat.
1316 3169 1415 3228 Sic
1443 3168 1599 3227 enim
1629 3168 1706 3227 ad
1730 3168 1988 3227 Atticum
2010 3186 2030 3227 ι
2073 3173 2091 3202 ‘
2111 3166 2363 3227 Secutus
2393 3184 2543 3236 sum,

351 3286 472 3326 non
497 3265 638 3326 dico
664 3266 973 3326 Caecilium
994 3286 1011 3334 ;
1059 3272 1074 3299 ‘
1095 3265 1278 3323 Mane
1301 3274 1371 3322 ut
1398 3284 1473 3323 ex
1494 3274 1667 3344 portu
1687 3263 1745 3322 in
1770 3264 2056 3324 Piraeeum
2078 3283 2094 3323 ε
2116 3262 2131 3285 ’
2171 3262 2365 3320 malus
2384 3262 2543 3320 enim

352 3363 685 3424 Latinitatis
714 3373 917 3423 auctor
945 3372 1071 3424 est:
1101 3361 1224 3422 >sed
1253 3361 1614 3433 Terentium,
1649 3360 1820 3439 cujus
1850 3359 2131 3434 Fabellae,
2160 3368 2394 3438 propter
2421 3357 2542 3418 ele-

354 3460 616 3540 gantiam
641 3460 951 3533 sermonis‚
973 3459 1335 3538 putabantur
1362 3476 1402 3516 a
1427 3457 1607 3517 Laelio
1629 3455 1838 3516 scribi:

516 3606 662 3667 Heri
690 3606 915 3686 aliquot
941 3602 1370 3666 adolescentuli
1398 3603 1620 3664 coimus
1649 3601 1709 3661 in
1740 3593 2071 3688 Piraeeum?

352 3756 430 3816 Et
457 3753 699 3815 Servius
736 3752 1089 3831 proprietate
1137 3750 1347 3811 ceteris
1391 3749 1770 3829 praepositum
1817 3745 1979 3805 hunc
2007 3749 2195 3802 notat.
2279 3739 2443 3802 Idem
2471 3740 2545 3802 de

352 3849 685 3921 sententiiS,
735 3868 885 3929 quas
936 3847 1187 3908 διανοίας
1228 3854 1466 3919 vocant,
1511 3843 1765 3923 judicari
1808 3849 2027 3920 potest.
2111 3836 2334 3895 Omnes
2387 3837 2547 3897 enim

352 3949 471 4008 fere
501 3947 703 4006 Plauti
730 3956 793 4006 et
836 3947 1128 4025 θυμελικαὶ
1174 3953 1333 4016 sunt,
1383 3950 1445 4001 et
1491 3941 1567 4000 ab
1617 3958 1731 3997 usu
1782 3937 2013 4006 alienae,
2064 3932 2271 4013 quales
2319 3933 2549 4011 passim

351 4045 549 4108 habet.
637 4042 912 4122 Inprimis
940 4060 1076 4101 cum
1121 4037 1687 4119 philosophatur'ecal
1718 4038 2091 4112 γνωμοτυποῖ.
2174 4029 2257 4089 Ut
2283 4048 2421 4089 ecce
2443 4049 2469 4088 ε,

508 4201 795 4259 Insanum
824 4207 917 4257 est
942 4195 1184 4269 malurn,
1211 4192 1271 4251 in
1299 4191 1619 4273 hospitium
1644 4185 1854 4249 divorti
1879 4182 1956 4245 ad
1985 4177 2356 4263 Cupidinem.
