3050 4942
984 372 1261 422 moron
1313 374 1408 423 nn
1455 373 1839 425 coMOEmA.
2428 363 2515 431 51

473 519 752 579 Attamen
783 517 1084 599 egregium
1113 517 1254 579 nihil
1281 518 1567 600 undique,
1594 530 1656 580 et
1682 519 1943 601 undique
1965 531 2183 585 tersum
2215 534 2327 586 est.

558 616 736 690 Nam,
765 617 925 699 quod
956 617 1206 690 miraris,
1234 619 1387 678 ridet
1413 617 1473 676 id
1509 617 1656 679 alter
1684 637 1855 698 opus.

317 746 670 805 Eun-unus
701 765 813 824 ego
840 744 1105 805 libellum
1135 745 1210 805 de
1257 746 1470 825 triplici
1515 746 1952 806 Comoediarum
1999 749 2282 824 sectione,
2329 751 2511 811 Trivi-

316 863 594 903 sanorum
624 841 828 915 decus,
859 841 1120 914 Andrea‚
1147 841 1274 914 tibi,
1303 861 1643 921 quanquam
1671 852 2040 922 praetextam,
2068 865 2283 906 munus
2314 847 2512 908 dicare

292 940 572 1002 decrevi.
634 941 771 1000 Non
802 928 1079 1023 equidem⁸
1101 939 1488 1000 admiratione
1514 942 1803 1000 bonorum
1830 941 2088 1020 corporis
2119 952 2223 1002 aut
2240 944 2513 1019 fortunae,

313 1056 429 1116 qua
457 1038 670 1097 merito
698 1037 961 1097 Venetiis
990 1046 1052 1096 et
1077 1035 1137 1095 in
1166 1035 1315 1097 adeo
1345 1035 1659 1097 excellenti
1688 1037 1909 1097 familia
1934 1057 2375 1102 veneraremur:
2407 1042 2515 1102 sed

314 1135 598 1213 quoniam
625 1134 864 1212 ingenio
890 1143 951 1195 te
982 1134 1266 1214 singulari
1315 1133 1756 1194 adolescentem
1802 1135 2003 1194 multis
2043 1136 2395 1215 jampridem
2426 1139 2515 1198 in-

315 1231 482 1291 diciis
510 1232 645 1312 ipse
673 1250 1086 1311 cognoveram.
1170 1233 1403 1292 Etenim
1435 1251 1593 1304 vere,
1644 1231 1805 1311 quod
1849 1232 1923 1293 de
1967 1250 2036 1292 se*
2066 1234 2335 1313 jactabat
2364 1236 2515 1296 Her-

315 1349 626 1409 mogenes,
669 1339 905 1390 aetatem
948 1330 1280 1404 virtutibus,
1329 1329 1492 1390 haud
1541 1330 1760 1390 indole·
1787 1332 2139 1410 praevenisti.
2225 1333 2518 1402 Quocirca

316 1428 532 1488 nemini
563 1427 832 1488 videatur
861 1427 1139 1499 alienum,
1169 1427 1240 1497 si,
1269 1427 1430 1507 quod
1462 1429 1537 1488 ab
1567 1428 1806 1508 ingenio
1839 1430 2248 1508 proficiscitur,
2277 1432 2517 1511 ingenio

312 1525 625 1605 praestanti
655 1523 1098 1585 adolescentulo
1126 1536 1521 1604 nuncupatur.
1608 1525 1885 1585 Ceterum
1935 1527 2179 1586 arbitror
2223 1548 2316 1589 me
2343 1532 2515 1602 meis,

314 1633 616 1703 quotquot
640 1631 958 1704 potuerunt
984 1623 1231 1695 intendi,
1259 1623 1476 1683 viribus
1498 1634 1977 1696 consecuturum,
1999 1644 2074 1684 ne
2099 1626 2349 1704 amplius
2372 1628 2516 1708 quid

313 1739 537 1780 novum
567 1732 674 1780 aut
701 1730 903 1797 vetus,
922 1719 1139 1799 quidve
1167 1719 1446 1791 medium,
1468 1731 1530 1779 et
1550 1719 1737 1779 curin
1762 1720 2068 1780 Comoedia
2089 1720 2338 1794 dicatur,
2364 1724 2517 1785 ullus

314 1818 572 1898 ignoret.
659 1816 835 1886 Quod
862 1816 1152 1877 hactenus
1178 1816 1271 1876 vel
1302 1816 1584 1875 omissum
1614 1835 1649 1874 a
1680 1817 1924 1890 Latinis,
1969 1817 2061 1877 vel
2106 1817 2387 1878 abolitum
2417 1840 2519 1880 ve-

316 1925 561 1989 tustate,
614 1913 835 1975 saecula
882 1923 1087 1973 nostra
1129 1912 1557 1974 desiderarunt.
1642 1914 1838 1974 Multa
1866 1913 2103 1993 quidem
2130 1916 2364 1995 egregie
2394 1917 2519 1985 Do-

315 2022 516 2087 natus,
542 2012 734 2072 multa
762 2010 1105 2097 Diomedes,
1148 2026 1209 2070 et
1238 2011 1390 2071 adeo
1417 2012 1590 2071 bonis
1618 2011 1895 2091 auspiciis
1925 2011 2318 2091 protulerunt,
2353 2024 2420 2073 ut
2447 2034 2520 2074 ea

320 2110 693 2189 grammatici
722 2110 944 2189 passim
971 2110 1032 2168 in
1061 2128 1171 2169 sua
1199 2109 1636 2169 transcribant:
1681 2108 1783 2169 sed
1814 2117 2011 2168 tamen
2038 2108 2155 2169 huc
2183 2109 2285 2170 illa
2311 2130 2517 2191 parum

318 2206 615 2278 videntur,
645 2207 822 2266 immo
849 2204 995 2264 nihil
1024 2206 1330 2284 pertinere.
1416 2205 1710 2274 Quaedam
1736 2206 1915 2285 igitur
1942 2225 1977 2265 a
2007 2206 2237 2267 Graecis
2266 2209 2520 2269 auctori-

319 2304 428 2363 bus
458 2314 524 2363 et
553 2303 778 2383 Latinis
805 2301 1265 2382 haudquaquam
1297 2302 1642 2362 nominatim
1680 2312 2055 2382 pertractata,
2102 2322 2304 2364 verum
2334 2307 2522 2366 obiter

323 2399 580 2463 disserta
600 2399 979 2478 collegimus:
1011 2399 1288 2478 quaedam
1316 2399 1448 2479 ipsi,
1471 2399 1701 2460 collatis
1727 2400 1879 2459 inter
1902 2420 1965 2460 se
1988 2400 2209 2473 multis,
2234 2402 2524 2463 elicienda

325 2517 392 2559 ac
419 2496 678 2557 breviter
703 2496 1036 2558 curavimus
1065 2497 1430 2570 annotanda,
1475 2517 1611 2577 quae
1655 2497 1757 2557 tibi
1801 2517 1993 2578 pauca
2028 2518 2245 2577 parvus
2275 2520 2387 2578 ego
2416 2500 2523 2559 de-

322 2595 476 2666 vovi,
508 2592 756 2674 perinde
778 2605 956 2674 atque
979 2613 1146 2654 suam
1167 2593 1525 2673 Virgilianus
1556 2595 1655 2654 ille
1681 2594 2082 2654 Micondianae
2104 2595 2520 2657 Venationem.

327 2692 607 2752 Fatemur
634 2692 788 2750 enim
819 2701 881 2751 et
906 2709 1129 2763 eorum,
1156 2711 1291 2770 quae
1320 2710 1430 2751 nos
1460 2683 1699 2750 minime
1727 2690 2134 2771 praeterierint,
2173 2692 2523 2753 subticuisse

324 2788 654 2869 complura.
738 2789 876 2847 Jam
924 2787 1122 2866 itaque
1160 2796 1420 2847 nostram
1448 2786 1739 2846 hactenus
1767 2786 2089 2865 obligatam
2118 2785 2294 2861 fidem
2326 2788 2525 2846 absol-

326 2906 556 2948 vamus.
644 2872 973 2946 Comoediae
1014 2904 1230 2946 nomen
1281 2905 1316 2944 a
1362 2885 1651 2944 Daemone
1691 2884 1880 2942 Como
1907 2881 2178 2961 religiose
2206 2881 2525 2943 admodum

328 2985 681 3044 arbitramur
701 3002 832 3043 esse
855 2983 1198 3056 deductum,
1226 2984 1505 3063 quoniam
1527 2993 1588 3043 et
1609 2980 1926 3044 comessari
1952 2980 2025 3040 de
2047 2978 2282 3039 nomine
2306 2978 2525 3040 dictum

328 3078 730 3139 Philostratus
768 3080 1039 3154 affirmat,
1085 3081 1255 3160 cujus
1309 3080 1535 3141 scilicet
1583 3079 1840 3139 numinis
1869 3076 2216 3137 dexteritate
2246 3076 2528 3155 quaelibet

327 3175 662 3236 hominibus
691 3176 889 3236 fausta
915 3176 1266 3236 comessatio
1299 3175 1555 3237 daretur.
1639 3175 1799 3245 Quid
1846 3184 2042 3233 autem
2086 3174 2160 3233 sit
2189 3173 2525 3245 comessari,

332 3271 729 3332 Philostratus
756 3272 1010 3351 imagine
1039 3272 1210 3333 Comi
1239 3272 1467 3332 facilius
1496 3271 1622 3343 tibi,
1649 3290 1827 3351 quam
1865 3276 1978 3348 ego
2006 3268 2252 3347 possim,
2282 3267 2527 3327 demon-

332 3369 563 3442 strabit,
592 3369 695 3429 ubi
723 3368 892 3448 fingit
919 3388 1051 3429 eum
1080 3369 1445 3429 fervescente
1472 3388 1635 3429 mero
1666 3368 1943 3447 supinum
1973 3365 2309 3437 dormitare,
2346 3364 2527 3436 facie-

331 3488 447 3548 que
476 3487 605 3547 prae
633 3466 812 3525 nimio
840 3476 982 3546 potu
1016 3467 1398 3539 scintillante,
1427 3467 1724 3527 rhonchos
1749 3466 1823 3524 ab
1852 3464 1971 3524 imo
2007 3472 2243 3542 pectore
2288 3471 2528 3521 stertere

332 3564 750 3624 deducentem.
834 3563 1151 3643 Utriusque
1178 3582 1316 3623 vero
1344 3583 1522 3623 sexus
1575 3561 1864 3633 homines,
1909 3559 1973 3618 id
2018 3557 2178 3638 quod
2219 3557 2346 3635 ipse
2372 3557 2533 3616 desi-

333 3659 519 3732 derat,
585 3660 874 3739 gregatim
924 3660 1185 3720 vestibus
1242 3659 1608 3738 permutatis,
1662 3657 1994 3737 plausuque
2044 3653 2356 3724 concinno,
2412 3673 2530 3729 quo

331 3756 586 3817 maxime
613 3765 867 3835 possunt
895 3755 1070 3834 genio
1099 3756 1428 3835 indulgere.
1487 3754 1665 3823 Quod
1693 3755 1886 3834 ipsum
1915 3753 1975 3809 in
2002 3751 2117 3809 hac
2145 3749 2286 3807 urbe
2310 3750 2528 3827 saepius

334 3853 556 3925 vidisti,
603 3872 738 3912 cum
763 3851 1045 3912 mimariae
1072 3855 1165 3928 (ut
1193 3852 1384 3928 aiunt)
1428 3849 1775 3910 saltationes
1818 3844 2098 3927 hybernis
2126 3843 2397 3904 noctibus
2428 3843 2534 3903 de-

334 3948 882 4029 bacchantur,·quae
904 3959 1058 4010 teste
1082 3948 1328 4009 Polluce
1356 3947 1612 4027 κόρδακες
1640 3941 1921 4026 appellari
1948 3949 2327 4002 consuerunt.
2392 3940 2534 4000 Noli

338 4044 514 4124 igitur
539 4064 645 4106 eos
674 4045 897 4117 audire,
942 4046 1044 4125 qui
1072 4047 1390 4107 comessari
1419 4046 1646 4105 dictum
1672 4050 1885 4122 putant
1913 4039 1988 4098 ab
2018 4059 2146 4112 esu,
2195 4037 2474 4117 quoniam
2504 4056 2531 4097 s

343 4140 592 4220 simplici
619 4143 953 4202 necessario
984 4142 1351 4215 scriberetur,
1394 4161 1506 4201 nec
1558 4159 1730 4201 secus
1770 4136 1980 4199 eruditi
2009 4145 2268 4195 veterum
2297 4133 2534 4195 codices

342 4236 642 4299 haberent.
728 4237 884 4300 Nam
913 4239 1190 4301 Graecum
1235 4239 1382 4302 illud
1430 4241 1691 4319 κωμάέω,
1737 4232 2232 4316 quemadmodum
2276 4250 2307 4289 z
2349 4230 2534 4292 literae
