3050 4942
911 426 1255 475 nunnoni
1309 428 1472 475 Aer.
1521 416 1616 476 11.'
1649 418 1753 477 soss
1802 430 1919 478 111.
2350 407 2481 486 4335

290 564 434 629 Fac
461 564 732 631 tradas:
773 587 920 633 mea
945 571 1108 635 nihil
1139 571 1358 650 refert,
1391 572 1552 636 dum
1582 574 1798 656 potiar
1827 574 2052 640 modo.

288 665 425 729 ΡΑ.
470 665 700 745 Quid?
747 670 932 752 virgo
963 672 1114 755 cuja
1145 674 1292 737 est?
1372 671 1505 737 CH.
1555 673 1804 740 Nescio
1832 674 2076 741 hercle.
2151 678 2288 744 PA.
2336 678 2477 745 Un-

547 771 632 835 de
663 773 813 836 est'i
906 773 1041 837 CH.
1085 773 1524 840 Tantundem.
1618 777 1757 841 PA.
1803 776 1942 841 Ubi
1969 777 2276 846 habitati.

288 867 425 932 CH.
474 870 581 935 Ne
611 873 681 937 id
712 873 999 956 quidem.
1089 876 1224 940 PA.
1271 877 1411 941 Ubi
1457 877 1735 943 vidisti?
1828 877 1961 945 CH.
2007 881 2087 945 In
2115 884 2248 948 via.
2341 884 2481 948 ΡΑ.-

547 971 708 1051 Qua
737 977 988 1040 ratione
1016 979 1357 1044 amisisti?
2387 987 2477 1051 30
2569 1052 2572 1057 ⁴

286 1071 425 1136 Cn.
470 1074 552 1138 Id
585 1077 894 1159 equidem
927 1079 1284 1146 adveniens
1305 1101 1565 1147 meeum
1596 1085 2057 1149 stomachabar
2085 1085 2317 1168 mod03

290 1173 362 1238 N
363 1194 441 1240 ec
472 1171 853 1273 quenquam
883 1198 1035 1244 esse
1062 1201 1184 1264 ego
1215 1182 1552 1275 hominem
1581 1185 1879 1265 arbitror,
1908 1188 2017 1251 cui
2045 1188 2256 1270 magis
2285 1189 2476 1256 bonae

281 1395 409 1445 nihil
428 1396 641 1475 interest,
662 1402 905 1451 dummodo
925 1417 1027 1452 eam
1046 1404 1306 1467 possideam
1318 1420 1341 1463 ‚⁸
1357 1402 1531 1465 jurene
1562 1421 1623 1456 au
1648 1407 1840 1471 injuria,
1873 1409 1995 1459 nihil
2007 1410 2149 1472 pensi
2166 1409 2325 1473 habeo,
2346 1411 2477 1459 dunt»

283 1463 420 1509 modo
442 1463 560 1513 mihi
586 1471 894 1528 comparetur.
961 1469 1064 1517 ΡΑ.
1101 1467 1220 1524 Quae
1240 1470 1395 1531 virgo,
1431 1486 1534 1533 quoe
1566 1473 1787 1533 conditio,
1821 1489 2013 1524 servane
2040 1491 2104 1523 an
2126 1473 2309 1525 libera?
2375 1476 2480 1524 ΟΕ.

285 1524 389 1572 Per
411 1527 685 1590 Herculem,
701 1531 871 1582 nescio.
936 1531 1041 1582 ΡΑ.
1084 1533 1219 1583 Unde
1251 1531 1362 1583 est?
1431 1537 1537 1584 Cn.
1575 1537 1865 1587 Tantundem
1896 1541 2011 1588 seio.
2079 1540 2183 1588 ΡΑ.
2225 1540 2317 1588 Ubi
2348 1539 2480 1588 hubi·

284 1587 403 1640 tat?
467 1591 573 1642 Cn.
610 1594 687 1644 Ne
718 1595 770 1643 id
811 1596 998 1657 quidem
1028 1597 1142 1645 scio.
1207 1597 1307 1646 ΡΑ.
1347 1599 1443 1647 Ubi
1478 1615 1581 1648 eam
1617 1600 1820 1652 vidisti?
1885 1604 1989 1653 Cn.
2038 1603 2101 1652 In
2134 1605 2309 1666 platea.
2381 1605 2479 1652 Pa.

286 1652 530 1708 Quomodo
550 1672 650 1706 eam
671 1673 698 1707 e
714 1660 818 1708 vis'u
834 1660 1118 1722 perdidisti?
1184 1662 1290 1711 Cn.
1323 1662 1386 1711 Id
1413 1670 1611 1725 propter
1629 1667 1837 1728 equidem
1856 1668 2104 1716 adveniens
2124 1683 2299 1716 mecum
2319 1668 2484 1728 indig-

281 1718 435 1767 nabar
452 1723 583 1770 modo
599 1738 620 1780 ‚·
648 1738 791 1787 neque
811 1725 956 1775 ullum
973 1725 1202 1775 hominem
1220 1741 1318 1776 esse
1344 1732 1478 1791 puto,
1508 1729 1586 1777 oui
1604 1729 1760 1793 magis
1777 1733 2208 1792 secundoesortunoe
2228 1747 2383 1782 omnes
2400 1732 2482 1781 ad·

1200 1899 1227 1920 O
1232 1901 1465 1923 ‘0000‘ss
1471 1902 1560 1924 000

283 2032 465 2095 pham.
499 2034 589 2083 Fa.
653 2035 846 2083 Misera
870 2049 994 2084 sane
1018 2033 1255 2083 medendi
1281 2035 1430 2097 ratio,
1464 2037 1480 2064 ‘
1505 2033 1645 2097 ipse'
1680 2034 1791 2083 sine
1815 2035 2134 2100 synaloepha,
2156 2041 2211 2084 et
2234 2036 2396 2099 hance,
2423 2040 2494 2086 ut

284 2099 587 2148 octonarius
608 2097 722 2148 fiat.
785 2100 1002 2149 Cautior
1023 2100 1103 2147 vir
1136 2099 1348 2161 doctus;
1381 2100 1469 2164 qui
1505 2115 1570 2148 ex
1611 2107 1824 2162 recepta
1862 2101 2084 2149 lectione
2128 2115 2223 2163 pro
2264 2102 2479 2150 Senario

284 2163 646 2225 Septenarium
670 2163 782 2212 fore
802 2164 1041 2224 videbat3
1075 2164 1256 2227 qualis,
1280 2165 1373 2225 ait,
1398 2179 1574 2214 versus
1597 2179 1748 2229 quam
1773 2166 1990 2213 maxime
2011 2170 2184 2227 potest
2204 2164 2479 2214 evitandus

283 2236 404 2287 est;
446 2228 544 2277 etsi
565 2243 667 2278 uno
692 2230 922 2278 alterove
943 2229 1058 2277 loco
1098 2230 1394 2278 necessario
1429 2229 1783 2278 admittendus
1823 2228 2081 2280 videatur.
2146 2230 2293 2278 Bono
2310 2231 2479 2279 auimo

281 2306 403 2341 esse
420 2291 614 2354 jubeo;
647 2308 714 2343 ne
737 2294 896 2342 semel
920 2292 1127 2356 quidem
1151 2292 1473 2345 admittetur.
1542 2294 1665 2356 Ipse
1687 2294 1860 2357 ‘igitur
1894 2293 2017 2342 illud
2043 2296 2157 2344 Flos
2177 2294 2287 2356 'ipse
2327 2302 2481 2343 extra

280 2370 493 2405 versum
519 2359 720 2420 posuit:
756 2366 816 2407 ut
848 2358 1089 2408 Clausala
1122 2358 1206 2419 sit,
1238 2360 1404 2422 qualis
1433 2361 1449 2386 ⁴
1471 2359 1657 2408 Occidi
1675 2358 1687 2378 '
1724 2359 1773 2407 in
1798 2359 1893 2406 hac
1918 2361 2105 2419 scena,
2132 2365 2185 2407 et
2210 2361 2260 2407 in
2287 2358 2481 2407 Heaut.

282 2420 627 2471 ‘Discrucior
657 2421 851 2471 animi-¹
915 2420 1231 2489 Laudandus
1272 2430 1368 2486 est,
1388 2423 1524 2487 quod
1560 2425 1730 2486 aliqua
1766 2431 1918 2473 tenus
1958 2423 2240 2485 prodier-iu
2276 2423 2488 2472 tametsi

280 2499 389 2533 non
413 2485 479 2533 ad
502 2487 780 2535 terminum
803 2486 987 2550 ipsum.
1053 2486 1308 2549 Equidem
1337 2502 1439 2536 non
1464 2495 1522 2536 ut
1546 2488 1840 2537 Clausulam
1864 2495 2016 2536 extra
2050 2500 2316 2536 numerum
2340 2488 2481 2547 poni,

280 2549 383 2598 sed
403 2552 611 2599 omnino
638 2551 843 2600 excludi
882 2557 937 2600 et
956 2550 1078 2613 ejici
1098 2551 1265 2599 velim.
1300 2553 1446 2602 Bent.
1516 2553 1633 2599 Flos
1663 2552 1793 2613 ipsus
1827 2558 1882 2599 et
1907 2551 2053 2600 Hanc
2088 2553 2163 2600 vel
2189 2551 2241 2599 vi
2272 2550 2386 2600 mihi
2409 2553 2486 2599 vel

280 2614 411 2662 clam
437 2618 491 2662 tu
524 2617 597 2664 vel
630 2616 844 2676 precario
880 2615 1038 2663 Both.
1074 2614 1160 2678 qui
1187 2629 1253 2662 cx
1287 2630 1428 2663 more
1464 2615 1539 2662 sic
1561 2617 1734 2664 omnia
1755 2615 2119 2664 invertit.—28
2156 2614 2325 2663 Potior
2348 2615 2484 2663 alter

286 2677 395 2726 Ms.
420 2679 561 2741 Lips.
601 2680 885 2729 West.—29
917 2678 1089 2727 Hosce
1114 2693 1292 2727 versus
1333 2679 1407 2727 ita
1433 2678 1638 2728 ordinat
1679 2679 1953 2742 Guyetus:
1999 2679 2170 2734 Quid?
2203 2677 2340 2738 virgo
2378 2677 2485 2738 cuia

278 2747 394 2791 est?
426 2743 532 2793 Cu.
568 2744 741 2793 Nescio
787 2745 961 2803 hercle,
1006 2743 1259 2791 Parmeno.
1296 2743 1400 2792 ΡΑ.
1456 2744 1594 2792 Unde
1633 2741 1749 2793 est?
1798 2744 1903 2792 Cn.
1942 2743 2139 2804 Rogas?
2191 2744 2483 2790 tantundem.

283 2808 393 2855 ΡΑ.
435 2807 527 2856 Ubi
549 2808 770 2857 habitat?
802 2810 908 2858 Cn.
945 2808 1024 2857 Ne
1060 2809 1112 2854 id
1143 2807 1343 2870 quidem.
1412 2808 1510 2856 ΡΑ.
1551 2805 1647 2855 Ubi
1679 2806 1887 2855 vidisti?
1920 2807 2023 2856 CH.
2046 2807 2108 2855 In
2127 2805 2223 2854 via.
2258 2806 2359 2854 ΡΑ.
2388 2805 2511 2860 Qui*

279 2871 468 2926 amisti,
489 2872 685 2922 Choerea
701 2871 727 2922 ζ’
761 2872 858 2921 Sed
881 2878 1244 2936 praeterquam,
1263 2870 1399 2936 quod
1422 2871 1563 2920 nulla
1587 2871 1683 2919 nisi
1710 2885 1802 2919 sna
1822 2871 1986 2920 utitur
2006 2870 2318 2919 auctoritate
2341 2869 2483 2932 Gay.

285 2936 375 2984 vel
414 2934 532 2985 ideo
555 2942 800 3000 suspecta
832 2937 946 2986 haec
987 2936 1144 2985 lectio
1174 2944 1274 2996 est,
1307 2935 1447 2999 quod
1482 2936 1592 2996 illa,
1633 2937 1769 2985 Unde
1801 2941 1913 2984 est?
1946 2936 2140 2996 Rogas?
2189 2935 2488 2994 tantundem,

283 3014 395 3049 non
418 3001 623 3063 sapiunt
646 3002 833 3065 stylum
855 3000 1236 3051 Terentianum.
1287 3002 1565 3050 West.—30
1598 3000 1779 3049 Amisti
1805 3000 1903 3048 Do.
1942 2999 2149 3064 quidem
2184 2999 2232 3047 le
2272 2998 2353 3047 it:
2391 2997 2483 3047 sed

282 3065 423 3113 ratio
441 3080 617 3115 versus
640 3066 806 3128 exigit
823 3066 1025 3115 amisisti
1047 3081 1063 3114 .·
1098 3071 1154 3112 ut
1179 3072 1233 3112 et
1257 3064 1308 3113 in
1333 3065 1479 3114 Bem.
1509 3073 1563 3113 et
1588 3063 1638 3113 in
1663 3063 1900 3113 omnibus
1935 3064 2046 3113 aliis
2074 3065 2183 3112 fere
2206 3063 2242 3111 li
2280 3063 2351 3112 ris
2385 3072 2486 3112 est.

285 3129 396 3181 Qui
420 3144 544 3179 vero
580 3139 867 3194 sequuntur
891 3144 1065 3179 versus
1087 3129 1276 3178 senarii
1313 3138 1432 3178 sunt
1454 3147 1466 3176 ι
1501 3129 1682 3192 itaque
1720 3131 1772 3178 in
1808 3144 1869 3178 eo
1897 3130 2030 3178 libro
2054 3144 2170 3178 rum
2195 3129 2309 3186 hoc,
2334 3141 2485 3190 quem

283 3193 713 3256 supradiximus,
738 3209 886 3243 versu
918 3194 1262 3263 ordinantur:
1300 3195 1382 3243 Ne
1414 3194 1466 3242 id-
1504 3193 1706 3257 quidem.
1770 3193 1863 3243 Ubi
1899 3194 2096 3243 vidisti?
2128 3193 2306 3243 Invia.
2378 3192 2487 3247 Qua

281 3258 474 3307 ratione
493 3260 736 3308 amisisti?
768 3260 832 3307 Id
853 3259 1061 3322 equidem
1074 3258 1323 3307 adveniens
1341 3273 1516 3307 meeum
1538 3258 1865 3307 stomachabar
1886 3261 2038 3308 modo.
2107 3260 2209 3307 Nec
2227 3270 2488 3320 quenquam

283 3337 388 3371 esse
408 3323 641 3373 hominem
659 3321 887 3385 arbitror,
910 3325 986 3371 cui
1006 3323 1162 3383 magis
1194 3323 1339 3370 bonae.
1375 3324 1468 3371 Fa.
1536 3322 1718 3373 Amisti
1752 3321 2061 3371 confirmant
2099 3329 2292 3384 praeter
2330 3335 2485 3368 unum

286 3393 348 3436 et
391 3388 612 3437 alterum
652 3388 998 3437 recentiorem
1025 3396 1129 3434 tres
1162 3385 1326 3434 nostri
1351 3387 1705 3435 vetustissimi.
1773 3386 1996 3434 Videtur
2029 3385 2144 3435 olim
2177 3384 2354 3445 fuisse,
2380 3384 2487 3439 Qua

283 3451 475 3499 ratione
502 3452 634 3500 illam
671 3454 867 3500 amisti?
895 3450 991 3500 Vir
1012 3449 1218 3509 doctus„
1248 3449 1356 3503 Qua
1377 3463 1419 3498 r.
1442 3455 1599 3498 autem
1619 3447 1821 3499 amisti?
1867 3449 2025 3498 Bent.
2094 3448 2315 3496 Amisisti
2350 3447 2487 3496 Pau.

288 3514 426 3564 Perl.
488 3517 645 3578 Vulg.
669 3517 848 3578 amisti,
863 3515 1034 3578 prisce
1056 3515 1144 3562 sed
1176 3513 1499 3562 inconcinne.
1568 3514 1771 3576 Sequor
1787 3520 1991 3562 nostros
2009 3512 2161 3562 codd.
2193 3512 2343 3560 Both·
2415 3511 2486 3558 11-

287 3582 389 3629 lam
409 3580 615 3629 amisisti
634 3580 779 3630 Perl.
843 3579 1025 3629 Amisti
1057 3577 1251 3626 2.-32
1272 3576 1357 3625 Sic
1392 3576 1538 3626 dedit
1573 3578 1664 3626 Fa.
1701 3577 1879 3626 Nostri
1905 3578 2167 3641 plerique:
2209 3576 2370 3637 Neque
2401 3588 2487 3635 ego

287 3660 551 3708 quenquam
572 3645 802 3693 hominem
820 3658 932 3693 esse.
979 3643 1126 3693 Unus
1149 3658 1161 3689 ε
1199 3642 1365 3704 Neque
1383 3642 1752 3704 quenquam‘ego
1770 3655 1869 3689 esse
1900 3640 2145 3690 hominem.
2178 3640 2326 3688 Vett.
2352 3638 2486 3688 Edd.

290 3710 464 3772 Neque
485 3723 746 3772 quenquam
765 3708 996 3757 hominem
1021 3720 1120 3756 esse
1158 3720 1246 3766 ego
1278 3705 1502 3755 arbitror.
1570 3706 1808 3767 Repone,
1834 3705 1997 3768 Neque
2019 3718 2274 3768 quenquam
2297 3718 2383 3764 ego
2405 3701 2487 3750 ἠο-

288 3773 466 3823 minem
484 3789 583 3823 esse
611 3773 836 3822 arbitror.
871 3771 1065 3821 Eodem
1086 3769 1270 3819 ordine
1291 3771 1437 3833 ponit
1459 3769 1542 3818 vir
1563 3769 1815 3819 eruditus.
1836 3769 1984 3820 Bent.
2019 3783 2172 3833 quem
2208 3772 2502 3833 sequuntur

1285 3929 1499 3981 NOTAE

293 4074 349 4116 to
371 4066 578 4116 domino
602 4064 862 4128 possidet:
898 4060 1152 4125 clam‚qui
1188 4061 1354 4112 inscio
1434 4059 1750 4125 conditione,
1796 4065 1856 4108 ut
1898 4056 2116 4108 liberum
2152 4057 2221 4107 sit
2257 4054 2350 4119 illi,
2399 4055 2498 4121 qui„

294 4143 501 4192 domino
520 4159 533 4190 z
552 4141 790 4205 precario
808 4139 1093 4202 atitem‚qui
1110 4137 1354 4201 precibus
1433 4135 1715 4201 concessit,
1735 4135 1786 4186 id
1812 4142 2074 4200 repetere.

294 4234 325 4268 a
349 4220 555 4269 domino
578 4217 704 4282 quid
742 4215 968 4266 obtinuit
1003 4214 1252 4263 utendum
1285 4228 1350 4264 ea
