3050 4942
532 395 666 465 524
954 463 963 474 ,
1281 410 1342 458 1³.
1390 407 1757 458 rennnrn
1808 405 1985 459 arm

537 556 673 623 ΡΑ.
720 552 1065 638 Siquidem
1091 550 1264 617 istuc
1293 553 1568 637 impune
1601 552 1932 619 habueris.
2005 549 2145 616 ΡΥ.
2193 547 2494 616 Verum?
2591 548 2729 614 Pa,

795 655 1105 721 Reddam
1132 655 1370 722 hercle.
1457 655 1597 720 ΡΥ.
1642 654 1877 720 Credo.

537 758 672 824 Sed
702 760 774 823 in
800 758 979 823 diem
1001 759 1198 836 istuc,
1226 758 1577 836 Parmeno,
1605 763 1707 823 est
1734 758 2047 834 fortasse,
2077 756 2263 840 quod
2294 755 2627 820 minitare.

537 863 649 927 Tu
667 861 811 945 jam
838 860 1190 946 pendebiS,
1212 859 1327 943 qui
1354 861 1635 925 stultum
1666 857 2242 923 adolesoentulum
2268 856 2588 920 nobilitas
2647 853 2734 919 20

540 963 874 1046 Flagitiis,
902 969 974 1028 et
1001 963 1284 1028 eundem
1312 961 1615 1027 indicas:
1659 966 1933 1043 uterque
1959 960 2029 1023 in
2052 965 2116 1025 te
2145 959 2461 1041 exempla
2490 957 2721 1021 edent.

524 1064 681 1130 ΡΑ.
726 1065 975 1131 Nullus
1003 1084 1171 1129 sum.
1257 1063 1398 1128 ΡΥ.
1444 1062 1589 1128 Hie
1615 1080 1736 1147 pro
1763 1061 1888 1127 illo
1927 1079 2190 1125 munere
2220 1060 2346 1124 tibi
2374 1058 2603 1123 honos
2634 1061 2737 1122 est

794 1166 1092 1232 habitus:
1137 1167 1326 1229 abeo.

538 1270 673 1335 ΡΑ.
719 1269 1005 1351 Egomet
1030 1285 1184 1331 meo
1214 1267 1488 1345 indicio,
1514 1267 1737 1345 miser,
1769 1266 1962 1353 quasi
1993 1283 2213 1343 sorex,
2241 1263 2445 1329 hodie
2475 1261 2680 1346 perii.

540 1470 641 1519 ΡΑ.
674 1468 733 1520 Si
752 1470 938 1533 quidem
953 1468 1009 1519 id
1028 1470 1230 1520 inultum
1248 1471 1435 1534 tuleris,
1464 1476 1568 1520 tum
1603 1471 1787 1519 demum
1819 1469 1872 1518 id
1905 1470 2108 1534 lepidum
2131 1469 2222 1520 tibi
2240 1470 2393 1521 videri
2412 1470 2564 1520 dicas.
2632 1467 2736 1516 Pr.

541 1534 692 1589 Quasi
713 1550 820 1584 vero
840 1538 891 1585 id
913 1536 1050 1584 valde
1078 1541 1295 1585 metuam.
1360 1536 1458 1585 Pa.
1492 1536 1601 1584 Par
1631 1535 1719 1583 tibi
1753 1534 1902 1584 hercle
1932 1536 2147 1595 reseram.
2216 1536 2322 1584 ΡΥ.
2356 1536 2531 1595 Credo,
2570 1535 2655 1583 sed
2686 1531 2738 1580 in

535 1599 723 1660 longam
741 1600 865 1649 diem
875 1599 1010 1659 forte
1025 1600 1205 1649 accidet
1220 1601 1358 1662 illud,
1374 1601 1496 1663 quod
1514 1599 1649 1648 nobis
1667 1599 1902 1648 minitaris
1916 1616 1933 1647 .-
1967 1600 2136 1662 tujaerm
2148 1602 2355 1663 pendens
2383 1614 2410 1648 e
2438 1599 2577 1648 trabe
2593 1611 2739 1659 vapu-

531 1663 672 1727 labis,
685 1665 768 1726 qui
786 1665 1128 1728 imprudentem
1146 1667 1477 1715 adolescentem
1496 1669 1756 1728 spectatam
1775 1668 1824 1713 et
1844 1664 2077 1726 insignem
2095 1664 2316 1728 flagitiis
2342 1665 2524 1724 reddis,
2547 1667 2599 1711 et
2631 1675 2736 1709 esm-

536 1729 643 1776 dem
673 1728 816 1779 etiam
843 1729 1023 1793 prodis,
1061 1735 1109 1778 et
1138 1730 1403 1779 denuntias.
1474 1729 1694 1791 Uterque,
1720 1733 1857 1792 pater
1877 1734 1924 1777 et
1933 1729 2089 1792 filius,
2111 1730 2163 1779 in
2184 1734 2232 1779 te
2247 1744 2411 1793 poenas
2431 1727 2737 1782 exercebunt,

537 1807 640 1855 qiua
656 1794 760 1843 sint
786 1794 1054 1843 documento
1071 1795 1257 1857 ceteris,
1273 1807 1334 1844 ne
1353 1794 1644 1857 delenquast.
1706 1793 1810 1842 ΡΛ.
1846 1792 1998 1842 Perii.
2064 1793 2169 1843 ΡΥ.
2203 1793 2453 1855 Ιεζίιιεηιοάί
2471 1793 2619 1842 hom
2649 1789 2740 1838 tibi

536 1862 587 1905 et
606 1858 886 1919 pdmuriinn
903 1859 1128 1922 desei-tw,
1144 1875 1231 1924 pro
1254 1860 1500 1920 Eunucho,
1521 1872 1659 1921 quem
1677 1859 1796 1906 ἀοηο
1824 1857 1995 1907 Thaidi
2014 1858 2276 1909 affluxisti.
2336 1858 2564 1908 Discedo.
2633 1855 2735 1904 Pa.

536 1921 744 2035 zema
772 1922 1087 2039 ane-inme
1110 1924 1400 1974 semibus
1430 1923 1565 1987 meis,
1597 1921 1733 1987 qnasi
1766 1929 2120 1986 sorecoceentu
2151 1922 2423 1988 etstrepitu
2442 1921 2734 1985 umacus,

637 2001 656 2034 t
664 2001 925 2051 Innumeris
1067 2004 1105 2038 ι.

541 2250 804 2313 Eug.—18
837 2251 1055 2301 Ovidius
1076 2252 1297 2316 plenius,
1318 2250 1497 2302 Amor.
1514 2267 1553 2302 1.
1580 2259 1629 2304 6.
1652 2258 1734 2304 28.
1767 2253 1786 2281 ‘
1805 2253 1987 2302 Redde
2005 2250 2214 2306 vicem!
2275 2250 2359 2300 Its
2380 2257 2435 2300 et
2458 2245 2741 2298 Petronius

541 2328 643 2363 non
672 2317 847 2364 semel.
912 2315 1017 2365 Sed
1053 2323 1109 2365 et
1150 2318 1199 2364 in
1243 2316 1550 2380 quibusdam
1584 2318 1732 2368 libris
1770 2327 1881 2368 est:
1930 2319 2145 2367 Reddam
2181 2318 2334 2367 hercle
2368 2315 2532 2364 vicem.
2572 2313 2738 2361 West.

541 2379 557 2406 ‘
577 2378 799 2428 Verum'
821 2378 1083 2429 irridentis
1107 2388 1205 2441 est,
1236 2380 1312 2429 uti
1335 2380 1458 2429 dein
1485 2382 1713 2431 ‘credo.'
1746 2383 1865 2446 Rip.
1933 2384 2050 2432 Non
2089 2382 2407 2443 interrogant
2444 2384 2568 2442 post
2601 2377 2620 2405 ‘
2639 2376 2739 2424 Ve-

542 2442 683 2492 rum'
708 2444 801 2493 Br.
824 2451 879 2493 et
902 2451 1091 2494 nostrae
1114 2443 1364 2495 edd.—19
1397 2443 1617 2508 Antiqui
1641 2447 1760 2496 libri
1783 2449 1980 2497 minare.
2017 2446 2107 2495 Fa.
2172 2447 2245 2495 Et
2285 2444 2517 2507 plerique
2555 2440 2737 2490 nostri.

538 2508 687 2558 Bent.
751 2509 992 2558 Minitare
1011 2516 1176 2559 metro
1199 2510 1489 2560 adversum.
1525 2512 1641 2575 Bip.
1707 2512 1905 2561 Minore
1925 2513 2080 2562 Bent.
2103 2510 2225 2573 Bip.
2260 2509 2418 2559 Both.
2440 2507 2736 2558 PerL—-zss-

538 2576 599 2622 21
637 2573 716 2623 Μ.
739 2580 797 2623 et
816 2574 1002 2625 Boend.
1027 2589 1142 2623 eum
1177 2583 1399 2639 quatuor
1419 2576 1558 2627 Pau.
1598 2582 1653 2626 et
1686 2576 1807 2626 edd.
1845 2576 2128 2639 veteribus,
2158 2574 2455 2624 mobilitas.
2519 2571 2737 2619 Scilicet

539 2645 597 2687 et
619 2638 868 2688 ‘nobilis’
891 2646 949 2689 et
983 2639 1260 2688 ‘nobilito’
1295 2641 1347 2689 in
1385 2640 1618 2704 pejorem
1656 2648 1860 2704 partem
1896 2642 2134 2692 sumitur.
2174 2640 2329 2690 West.
2397 2637 2460 2686 In
2483 2637 2654 2686 altero
2671 2648 2737 2684 ex

538 2702 618 2750 his
642 2704 842 2752 numeri
864 2704 997 2754 male
1016 2718 1076 2753 se
1096 2704 1310 2767 habent,
1339 2705 1391 2754 in
1414 2714 1635 2769 utroque
1658 2706 1935 2756 sententia.
2003 2706 2234 2768 Repone,
2269 2704 2343 2752 Τιι
2360 2701 2468 2763 jain
2493 2699 2739 2763 pendebit.

539 2768 702 2828 naue,
734 2769 818 2831 qui
836 2770 1228 2818 adulescentulum
1249 2769 1469 2819 nobilitas
1490 2770 1740 2832 Flagitiis,
1772 2776 1820 2820 et
1923 2770 1971 2819 ri
1991 2769 2175 2820 indicas
2192 2785 2210 2819 .·
2235 2772 2430 2830 uterque
2450 2766 2669 2829 exeutpta
2687 2763 2737 2813 in

541 2835 590 2882 te
627 2825 784 2884 edent.
848 2833 954 2883 Cur
991 2834 1254 2884 chaeream
1286 2836 1499 2884 stultum
1540 2842 1710 2896 vocet,
1744 2836 1829 2883 nul
1853 2849 1884 2883 a
1920 2835 2055 2883 ratio
2093 2840 2207 2894 θείς
2257 2847 2409 2898 quem
2446 2831 2592 2879 intus
2626 2830 2737 2892 ipsa

541 2903 765 2947 noverat·
781 2895 1005 2947 feliciter
1024 2912 1135 2947 rem
1167 2912 1366 2961 gerere.
1430 2898 1507 2948 At
1528 2899 1786 2948 Parmeno
1809 2899 2015 2962 stultus,
2048 2905 2108 2949 nt
2130 2898 2212 2947 hic
2235 2912 2310 2947 vs.
2334 2901 2385 2945 8.
2419 2897 2436 2925 ‘
2456 2895 2737 2959 Nunquam

543 2961 632 3023 pol
667 2961 922 3012 hominem
957 2963 1246 3012 stultiorem
1284 2963 1389 3012 vidi
1426 2977 1523 3012 nec
1562 2960 1788 3013 videbo.²
1852 2965 2018 3013 Porro
2052 2963 2155 3013 duo
2196 2961 2427 3020 codices,
2463 2958 2662 3021 Regius
2684 2962 2738 3005 et

541 3023 907 3087 Academicus,
938 3032 984 3076 et
1004 3028 1199 3075 eundem
1229 3027 1595 3089 patr-iindicas:
1626 3027 1784 3090 unde,
1817 3035 1874 3077 ut
1906 3027 1987 3090 fit,
2021 3043 2120 3078 vox
2160 3026 2362 3076 advena
2398 3024 2738 3074 domesticam

542 3090 761 3152 expulit.
827 3090 940 3139 Nisi
962 3091 1097 3138 enim
1114 3090 1250 3153 patri
1271 3092 1514 3153 retineas,
1546 3092 1669 3156 quid
1692 3093 1776 3141 hic
1798 3091 1957 3142 faciet
1976 3098 2189 3156 uterque,
2219 3099 2276 3142 et
2302 3090 2437 3140 filius
2473 3095 2531 3138 et
2567 3095 2738 3152 pater,

541 3166 660 3201 eum
684 3167 815 3201 unus
836 3159 1035 3203 tantum
1057 3154 1383 3204 nominetur?
1444 3156 1690 3221 Denique
1708 3157 1876 3208 nostri
1894 3157 2117 3207 universi
2139 3171 2255 3206 cum
2277 3156 2399 3206 edd.
2420 3160 2552 3204 vett.
2583 3166 2739 3203 exem

536 3218 621 3279 pla
641 3216 694 3265 ia
714 3221 763 3265 te
778 3219 933 3267 edent.
967 3218 1127 3269 Bent.
1182 3217 1343 3267 Stulte
1365 3220 1520 3269 Bent.
1545 3228 1603 3270 et
1622 3222 1779 3270 Both.
1826 3222 1978 3284 Vulg.
2002 3223 2083 3284 qui
2100 3223 2298 3271 stultum
2317 3220 2739 3270 αάοῑεεοεηέαῑωιε

543 3295 647 3330 non
684 3288 846 3332 reete.
913 3281 1029 3332 Ge.
1133 3282 1145 3294 '
1183 3284 1382 3333 stultum
1415 3285 1565 3334 istum
1606 3286 1886 3336 denobilitas
1922 3288 2047 3336 adol.
2095 3286 2237 3335 Perl.
2303 3283 2536 3347 Reiingit
2579 3284 2736 3331 Bent.

541 3347 705 3423 stulte,
737 3347 820 3409 qui
837 3348 917 3398 ad.
983 3348 1052 3397 Se
1099 3347 1211 3411 jam
1232 3347 1357 3398 satis
1377 3350 1649 3399 stultitiam
1683 3365 1834 3401 servo
1867 3350 2172 3413 objecerat;
2203 3356 2260 3399 et
2291 3348 2479 3401 credas
2515 3348 2734 3396 stultum

542 3412 626 3461 bic
648 3411 752 3461 dici
772 3425 838 3461 ex
859 3427 1031 3462 amore
1054 3420 1109 3463 et
1130 3427 1196 3461 ex
1218 3414 1387 3476 prima
1404 3421 1563 3464 aetate
1580 3414 1958 3480 imprudentem
1976 3414 2264 3478 Cliaeream‚
2280 3428 2382 3464 non
2403 3411 2500 3461 uisi
2522 3418 2736 3460 auctore

543 3488 695 3524 servo
736 3474 803 3528 ad
842 3477 955 3526 haec
998 3477 1288 3541 impulsum.
1353 3478 1658 3532 Denobilitus
1696 3494 1727 3527 a
1764 3479 2130 3529 Grammaticis
2172 3478 2368 3528 foedum
2411 3482 2509 3526 est.
2577 3474 2733 3535 vulg.

545 3539 740 3592 omittit
755 3542 923 3602 pati-i,-
955 3542 1088 3589 unde
1111 3555 1234 3590 vero
1257 3542 1331 3593 sic
1351 3548 1577 3605 uterque?
1641 3544 1797 3593 Bent.
1830 3557 1949 3593 vero
1989 3544 2242 3609 expungit
2275 3543 2509 3600 eundem
2539 3540 2596 3588 in
2633 3551 2733 3603 quo

545 3612 601 3653 et
623 3617 797 3653 omnes
815 3604 935 3653 libb.
960 3605 1289 3666 conveniunt,
1321 3622 1418 3656 nec
1443 3616 1658 3658 metrum
1684 3609 1902 3660 laeditur.
1938 3608 2057 3671 Rip.
2126 3610 2253 3658 Edet
2290 3607 2486 3670 Delph.
2557 3605 2729 3654 Exem-

540 3668 624 3732 pla
641 3668 696 3717 in
715 3672 763 3718 te
782 3668 874 3719 Br.
938 3670 1234 3719 Bentleium
1256 3672 1461 3720 omnino
1494 3673 1730 3736 sequitur
1750 3672 1907 3723 Botb.
1972 3674 2198 3723 Videtur
2237 3674 2365 3735 Eug.
2399 3671 2585 3733 legisse
2621 3670 2730 3718 ado·

541 3734 933 3783 texentem—22
966 3734 1172 3798 Guyeto
1210 3749 1383 3785 versus
1420 3737 1504 3785 hic
1541 3736 1841 3788 subdititius
1882 3736 2116 3790 videtur:
2170 3737 2345 3799 credo,
2390 3735 2511 3800 quia
2550 3745 2727 3797 parum

545 3796 824 3848 intellexit.
887 3802 902 3827 ⁴
925 3800 1028 3848 Pro
1066 3800 1156 3849 illo
1193 3800 1444 3864 munere‚'
1496 3814 1591 3864 pro
1628 3803 1899 3854 Eunucho.
1933 3802 2081 3856 Beue.
2152 3801 2303 3865 Abeo]
2350 3800 2554 3862 Explic.
2598 3796 2736 3851 GM.

540 3867 697 3924 patre,
731 3862 821 3912 Br.
861 3861 1074 3913 Cluen-ea.
1139 3865 1315 3929 Longe
1351 3866 1613 3916 aberrant.
1669 3866 1802 3917 ,Abeo
1837 3881 1939 3918 non
1965 3874 2067 3927 est,
2102 3867 2166 3916 ab
2201 3867 2323 3915 illo:
2359 3865 2471 3926 sed,
2502 3860 2726 3914 discedo.

545 3926 682 3976 Pera.
740 3925 961 4001 liabitas
978 3928 1038 3977 ab
1058 3929 1137 3993 eo]
1167 3930 1299 3980 Haec
1323 3931 1516 3981 codicis
1539 3933 1701 3981 nostri
1733 3932 1889 3982 lectio
1910 3931 1978 3983 ab
1999 3932 2112 3982 aliis
2135 3930 2289 3982 codd.
2308 3929 2553 3992 nondum,
2575 3939 2726 3994 quau·

547 3996 659 4042 tum
679 4004 808 4057 scio,
830 3992 1034 4056 prolata
1053 4002 1152 4046 est.
1217 3996 1346 4049 Abeo
1365 3996 1524 4049 habet
1545 3997 1737 4063 aliquid
1758 3996 1954 4062 frigidi.
1986 3998 2169 4051 Bran.
2661 3997 2668 4001 ’
