3050 4942
739 393 838 443 nn
889 392 1223 441 auroris
1274 390 1511 440 Msrm
1564 391 2117 481 TERENTIAM-x
2374 376 2503 448 201

298 554 452 605 rum,
480 534 581 593 ubi
626 541 754 594 tota
779 554 873 594 res
919 534 1216 595 fusissime
1261 534 1609 613 explicatur,
1656 541 1717 598 et
1760 534 2083 596 innumeris
2129 534 2507 600 confirmatur

300 631 608 710 exempliS.
721 632 798 691 Et
845 642 1026 705 certe,
1078 629 1127 691 si
1179 631 1256 691 ad
1304 632 1462 691 hanc
1519 631 1846 691 liberiorem
1893 632 2501 709 veterumpo'etarum

299 747 569 787 normam
599 729 706 788 viri
734 730 972 807 ingenio
1001 739 1063 789 et
1104 728 1377 789 doctrina
1405 726 1825 807 spectatissimi
1862 726 2183 786 Goveanus
2214 735 2275 786 et
2304 727 2506 786 Mure·

300 832 399 881 tus
443 824 589 883 satis
641 824 1058 895 attendissent,
1105 824 1267 883 haud
1298 833 1526 884 tanturn
1558 824 1671 883 sibi
1719 824 1778 881 in
1821 820 2186 882 immutando
2229 822 2506 890 Terentio

297 918 625 993 licentiam,
673 930 880 980 contra
915 921 1272 1001 optimorum
1316 920 1591 985 codicum
1640 918 2071 990 auctoritatem,
2114 927 2334 982 temere
2363 917 2506 977 arri-

292 1016 599 1096 puissent.
685 1017 828 1090 Sed,
858 1017 999 1080 dum
1029 1018 1224 1079 omnia
1261 1017 1339 1078 ad
1383 1017 1702 1077 hodiernas
1734 1016 1900 1078 metri
1926 1015 2235 1095 Virgiliani
2265 1014 2501 1093 regulas

301 1131 514 1191 cogere
561 1113 939 1188 studuerunt,
964 1117 1276 1178 verborum
1307 1115 1569 1176 ordinem
1617 1115 1927 1185 invertere,
1954 1132 2133 1174 voces
2162 1112 2505 1172 minutiores

297 1227 407 1288 pro
431 1209 609 1270 libitu
636 1210 854 1279 addere
875 1213 968 1274 vel
1001 1212 1331 1286 detrahere,
1360 1231 1564 1273 versus
1599 1231 1760 1271 nunc
1805 1211 1942 1283 hoc,
1991 1228 2150 1269 nunc
2179 1208 2295 1270 alio
2323 1209 2504 1268 modo

300 1297 505 1366 secare
533 1324 655 1365 non
708 1319 848 1373 sunt
875 1309 1038 1369 veriti
1065 1328 1083 1376 ;
1128 1308 1279 1369 adeo
1328 1319 1395 1369 ut
1421 1308 1723 1369 nonnullis
1762 1308 1823 1366 in
1866 1307 2011 1367 locis
2042 1325 2152 1365 sua
2185 1305 2363 1385 plane
2391 1305 2507 1390 Te?
2538 1301 2542 1306 ’

301 1401 494 1460 rentio
521 1413 809 1464 venustas
840 1405 1086 1483 periisse
1115 1404 1386 1466 videatur
1411 1424 1426 1466 ε
1471 1405 1605 1484 quis
1635 1403 1792 1465 enim
1828 1404 1989 1471 hunc
2014 1405 2321 1463 verborum
2350 1400 2508 1461 ordi-

301 1515 436 1558 nem
465 1498 823 1560 Terentiana
849 1501 1144 1581 elegantia
1174 1500 1422 1584 dignum
1453 1500 1653 1566 dicet?

463 1629 693 1689 Omnes
721 1629 780 1689 in
809 1631 975 1692 lauta
1000 1641 1059 1693 te
1087 1642 1148 1692 et
1173 1633 1325 1692 bene
1352 1640 1522 1711 parte
1553 1640 1731 1693 aucta
1757 1640 1991 1710 putant.

302 1757 515 1838 Neque
546 1761 620 1819 ab
650 1761 967 1842 exemplari
997 1744 1333 1822 Muretiano
1363 1760 1507 1820 satis
1539 1759 1649 1819 sibi
1679 1760 1906 1820 cavisse
1934 1757 2167 1818 videtur
2196 1754 2289 1815 cl.
2317 1751 2506 1813 Hein-

301 1854 423 1913 sius
450 1875 466 1915 :
513 1856 635 1935 qui,
666 1877 1006 1937 quanquam
1033 1858 1300 1938 plurimis
1330 1858 1390 1916 in
1419 1857 1570 1918 locis
1600 1856 2044 1928 emendationes
2086 1852 2294 1914 Fae'rni
2338 1872 2370 1911 e
2399 1850 2506 1910 lib.

302 1947 511 2010 Bemb.
544 1964 781 2014 secutus
812 1955 910 2029 sit,
956 1954 1219 2028 ordinem
1261 1966 1460 2015 tamen
1490 1954 1800 2014 verborum
1844 1973 1879 2013 a
1928 1952 2164 2011 Murete
2207 1950 2503 2022 turbatum

303 2043 386 2105 ita
417 2067 579 2126 saepe
608 2069 728 2109 non
772 2045 1132 2124 emendavit,
1174 2060 1265 2125 ut,
1315 2061 1567 2130 utraque
1615 2049 1788 2111 simul
1838 2048 2099 2109 admissa
2125 2048 2399 2115 lectione,
2430 2059 2505 2102 ne

302 2154 554 2204 metrum
586 2145 823 2223 quidem
867 2146 1061 2225 ipsum
1091 2156 1366 2207 constet.
1409 2145 1571 2225 quod
1616 2166 1690 2206 ne
1719 2155 1935 2207 temere
1967 2145 2189 2205 dictum
2214 2140 2506 2212 videatur,

303 2258 486 2297 unum
515 2249 618 2298 aut
643 2240 893 2302 alterum
921 2241 1255 2363 exemplum
1285 2237 2506 2324 apponam.Heaut.v.4.12.ol1m1ta

303 2331 648 2413 legebatur:

466 2449 604 2509 Non
631 2460 774 2511 sunt
802 2452 1070 2532 haecjam
1090 2455 1369 2534 parentis
1396 2454 1559 2526 dicta
1581 2471 1602 2512 .·
1643 2472 1763 2513 non
1791 2453 1845 2511 si
1872 2470 1939 2511 ex
1967 2452 2157 2531 capite
2184 2450 2268 2510 sis
2295 2466 2457 2508 meo·
2435 2491 2450 2505 .

305 2579 402 2655 qui
431 2597 655 2652 versus,
686 2601 822 2642 cum
867 2582 1155 2642 iambicus
1199 2583 1351 2642 inter
1394 2582 1728 2643 trochaicos
1774 2579 2012 2640 Mureto
2056 2576 2335 2637 ferendus
2379 2593 2501 2636 non

303 2673 618 2750 videretur,
646 2677 730 2737 ita
759 2679 834 2737 ab
863 2678 967 2738 illo
992 2690 1089 2739 est
1114 2688 1377 2739 mutatus
1401 2699 1416 2740 z
2396 2692 2400 2695 ’

464 2807 603 2866 Non
631 2816 773 2868 sunt
802 2809 1076 2888 haecjam
1104 2809 1263 2870 dicta
1285 2810 1595 2888 parentis:
1636 2825 1756 2866 mm
1784 2805 1840 2866 εἰ
1864 2823 1933 2865 ex
1959 2805 2151 2885 capite
2176 2805 2257 2862 sis
2282 2820 2403 2861 meo
2420 2817 2443 2858 .-
2489 2805 2492 2808 ’

303 2954 439 2994 cum
469 2946 668 2996 autem
698 2947 857 2998 recte
886 2950 1153 3000 moneret
1182 2937 1448 2997 Faernus
1467 2936 1735 2997 voculam
1750 2935 1884 3015 jam
1914 2934 1970 2993 in
1998 2932 2270 2994 omnibus
2297 2931 2506 2990 deesse

304 3030 456 3098 Mss.
502 3032 589 3091 sic
645 3034 853 3094 melius
912 3044 1184 3095 constare
1241 3036 1655 3104 trochaicum;
1725 3031 1969 3094 sustulit
2024 3049 2156 3092 eam
2197 3028 2506 3100 HeinsiuS,

303 3127 720 3189 sed'ordinem
763 3132 1070 3192 verborum
1123 3134 1497 3212 sequentium
1555 3133 1717 3193 dicta
1759 3131 2033 3211 parentis
2073 3147 2193 3187 non
2235 3126 2504 3187 animad-

299 3223 495 3296 vertit,
545 3227 646 3303 qui
694 3226 777 3286 ita
816 3248 1009 3307 neque
1052 3230 1338 3289 iambicus
1382 3213 1594 3306 neque
1620 3225 1955 3295 trochaicus
1987 3225 2115 3296 erit,
2157 3222 2271 3283 nisi
2312 3222 2506 3302 legaS,

300 3328 367 3398 ut
392 3319 557 3392 olim,
590 3325 868 3400 parentis
905 3325 1090 3386 dicta.
1192 3325 1291 3386 Sic
1332 3323 1594 3407 Adelph.
1643 3344 1710 3384 v.
1753 3325 1811 3383 2.
1862 3324 1953 3386 14.
1998 3341 2130 3382 cum
2162 3321 2310 3416 olim·
2341 3320 2504 3400 lege-

254 3423 259 3426 “
302 3425 499 3478 retur:

457 3528 609 3590 Alia
635 3551 817 3592 cura:
848 3551 1034 3612 porro
1061 3541 1252 3594 autem
1282 3534 1420 3598 dum
1450 3533 1658 3598 studeo
1686 3532 1811 3594 illis
1834 3540 1902 3594 ut
1932 3551 2101 3614 quam
2121 3530 2443 3612 plurimum
2462 3553 2497 3606 ,·,

305 3657 578 3727 Muretus
609 3672 702 3747 (ut
729 3682 1032 3733 constaret
1057 3673 1419 3748 trochaicus)
1446 3673 1528 3733 ita
1556 3672 1827 3733 invertit.

310 3777 317 3782 ’
386 3833 393 3840 .
463 3780 615 3842 Alia
642 3802 825 3844 cura:
856 3804 1047 3865 porro
1075 3795 1269 3846 autem
1297 3787 1423 3845 illis
1450 3786 1589 3847 dum
1614 3784 1818 3845 studeo
1846 3789 1915 3843 ut
1940 3803 1996 3863 q.
2016 3802 2084 3861 p.

303 3969 311 3982 ,
381 3908 652 3973 Fa'etnus
683 3933 715 3972 e
747 3912 901 3978 Mss.
933 3934 1040 3994 pro
1078 3934 1268 3998 porro
1298 3913 1551 3976 restituit
1591 3913 1740 3986 heia,
1783 3909 1945 3991 quod
1973 3920 2033 3970 et
2070 3917 2301 3972 versum
2331 3918 2506 3970 sanat

307 4005 537 4089 absque
553 4008 670 4072 ista
695 4010 1050 4078 inversione.
1134 4011 1418 4073 Heinsius
1447 4020 1648 4071 autem
1684 4008 1950 4088 admissa
1977 4026 2144 4079 voce,
2179 4006 2335 4079 heia,
2362 4006 2506 4070 dum

309 4104 675 4180 sequentium
701 4110 1012 4169 verborum
1060 4108 1329 4170 ordinem
1360 4096 1671 4187 antiquum
1710 4106 2016 4165 restituere
2045 4099 2331 4183 neglexit,
2369 4122 2501 4168 ver·

311 4214 430 4272 sum
455 4219 700 4280 prorsus
729 4206 1013 4287 corrupit.
1095 4206 1319 4268 Eodem
1366 4206 1545 4283 modo
1574 4206 1625 4270 si
1654 4203 1805 4266 inter
1831 4201 2075 4265 voculas
2104 4200 2276 4288 duae,
2323 4179 2496 4282 (quas
