3050 4942
866 382 965 433 DE
1012 383 1314 433 oomcls
1363 382 1990 435 munuslomuvs.
2369 373 2500 442 155

207 569 222 586 .
303 538 521 612 presto,
549 529 782 590 duobus
811 525 1090 607 dactylis,
1128 536 1192 587 et
1236 536 1537 606 postremo
1563 526 1785 587 iambo.
1863 527 1952 586 Ibi
1978 535 2199 588 temere
2221 531 2503 592 transfert

305 627 601 709 syllabam
651 624 940 685 inferioris
989 623 1050 682 in
1096 625 1493 702 superiorem:
1565 634 1774 683 contra
1822 622 2026 683 debuit
2074 627 2387 687 transferre
2436 628 2499 687 iu

306 725 570 803 Hecyra,
618 740 809 801 neque
854 718 1187 780 transtulit:
1251 725 1268 754 ‘
1289 719 1440 789 Quae
1484 719 1621 780 dico
1662 720 2135 800 parvipendent:
2186 741 2361 803 porro
2386 724 2501 784 hoc

292 820 561 902 jurgium
619 819 697 878 ad
752 819 1030 891 Uxorem,
1100 817 1234 877 haec
1297 818 1472 898 cujus
1511 818 1667 879 fiunt
1710 818 1958 880 consilio
2010 820 2262 880 omnia?
2347 822 2501 881 sieut

303 917 775 997 interjectionem
804 935 1041 996 quoque
1086 914 1292 976 debuit
1338 916 1628 977 ascribere
1658 917 1834 996 priori
1863 918 2054 977 versui
2100 917 2159 976 in
2189 917 2502 998 Adelphis,

305 1028 375 1076 ut
403 1016 492 1076 sic
520 1016 847 1091 legeretur:
912 1019 929 1048 ‘
954 1015 1124 1093 Syre,
1158 1023 1587 1092 praeceptorum
1630 1013 1845 1093 plenus
1886 1013 2129 1073 istorum
2177 1014 2316 1074 ille:
2356 1014 2499 1096 phy,

305 1113 489 1173 Domi
540 1112 751 1172 habuit
794 1110 956 1171 unde
998 1110 1288 1171 disceret:
1358 1111 1425 1169 fit
1475 1109 1728 1171 sedulo!
1810 1110 2194 1170 Restituisset
2232 1111 2408 1171 etiam
2439 1115 2501 1171 in

307 1211 568 1290 Hecyrae
597 1228 770 1269 versu
797 1210 1059 1280 verbum,
1086 1217 1155 1267 ut
1180 1206 1260 1267 sit
1286 1207 1676 1288 septenarius,
1703 1221 1775 1266 ac
1797 1226 1905 1287 par
1930 1207 2148 1286 priori:
2186 1208 2304 1268 sic:
2349 1215 2366 1243 ⁴
2390 1210 2502 1270 Te-

304 1327 445 1369 cum
471 1309 772 1367 ferantur:
814 1304 973 1366 dixi:
1018 1305 1102 1364 ita
1129 1315 1196 1365 ut
1211 1303 1389 1384 jubes
1412 1304 1648 1378 faciam,
1675 1305 1884 1385 pater.'
1964 1304 2101 1364 Non
2129 1304 2306 1365 debet
2330 1308 2503 1368 errati

306 1405 540 1468 censeri
581 1404 715 1464 loco
756 1402 904 1464 illud
951 1402 1014 1461 iu
1060 1401 1289 1461 Andria
1334 1422 1406 1464 eo
1447 1422 1662 1463 versu:
1727 1409 1742 1438 ‘
1768 1402 1856 1463 Tu
1902 1423 2023 1463 rem
2051 1402 2414 1483 impeditam,
2440 1415 2503 1465 et

304 1501 602 1583 perditam
651 1498 975 1560 restituas?
1037 1498 1173 1559 hem
1220 1518 1346 1578 quo
1390 1500 1574 1560 fretus
1623 1499 1776 1561 sim.’
1887 1501 1954 1559 In
2005 1519 2125 1579 quo
2152 1500 2317 1574 dicit,
2343 1502 2501 1575 hem,

307 1608 481 1660 extra
506 1613 741 1659 versum
795 1596 869 1655 ab
908 1596 1028 1655 alio
1074 1595 1343 1655 additum
1390 1597 1628 1676 potius:
1690 1616 1869 1677 quam
1904 1597 2159 1677 positum
2193 1617 2231 1658 a
2274 1597 2502 1660 Poeta:

307 1714 446 1755 cum
477 1707 678 1757 tamen
705 1692 914 1753 mutila
950 1694 1026 1751 sit
1054 1693 1179 1753 sine
1219 1711 1294 1752 eo
1322 1693 1653 1753 sententia:
1703 1701 1763 1752 et
1805 1693 2040 1753 sibilum
2066 1693 2207 1753 elidi
2233 1694 2503 1755 videmus

306 1792 491 1853 etiam
518 1793 581 1852 in
631 1791 830 1851 multis
875 1791 1044 1850 locis.
1128 1788 1228 1850 Sie
1256 1788 1542 1849 audacter
1590 1788 1763 1849 nimis
1802 1789 1991 1850 aufert
2014 1791 2283 1863 verbum,
2305 1791 2504 1870 cupi0,

308 1909 380 1949 ex
410 1889 522 1949 illo
564 1887 878 1949 Eunuchi:
937 1894 957 1921 ⁴
982 1885 1173 1965 Cupio
1222 1886 1453 1964 aliquos
1490 1905 1698 1966 parare
1740 1886 1959 1947 amicos
2001 1886 2286 1947 beneficio
2331 1887 2506 1949 meo.’

310 1988 466 2047 Cum
497 1999 697 2047 tamen
724 1984 1089 2046 commodius
1117 1984 1397 2044 eximeret
1421 2002 1629 2044 vocem
1656 1994 2020 2064 sequentem,
2068 1986 2199 2044 sine
2224 1985 2345 2045 ullo
2372 2005 2503 2046 car·

308 2084 489 2144 minis
515 2084 890 2156 detrimento,
917 2084 1093 2144 etiam
1123 2082 1419 2143 sententia
1459 2082 1816 2143 rotundiore.
1898 2081 2018 2142 Sed
2055 2091 2158 2143 aut
2196 2083 2274 2142 sit
2300 2102 2504 2164 proce-

308 2182 700 2243 leusmaticus
746 2181 966 2260 primus
1012 2199 1141 2260 pes,
1186 2189 1246 2240 et
1286 2180 1433 2241 alter
1485 2180 1957 2260 amphimacrus:
2024 2192 2127 2241 aut
2179 2201 2505 2261 pronomen

310 2279 759 2359 possessivum:
802 2278 962 2356 quod
1010 2287 1310 2358 postremo
1358 2279 1420 2338 in
1470 2278 1607 2340 loco
1651 2288 1765 2352 est,
1803 2278 2147 2340 demittatur
2182 2279 2242 2338 in
2272 2298 2507 2339 versum

312 2376 570 2437 alterum
599 2376 1080 2455 subsequentem,
1108 2375 1209 2453 qui
1237 2374 1618 2437 nihilominus
1661 2375 1743 2437 sit
1766 2376 2067 2437 senarius:
2108 2377 2194 2436 sic
2219 2396 2234 2436 :
2280 2382 2298 2412 ‘
2321 2376 2503 2436 Meo:

309 2471 372 2532 id
400 2473 638 2543 amabo,
689 2471 894 2551 adjuta
919 2491 1034 2542 me,
1065 2490 1182 2550 quo
1231 2469 1292 2531 id
1321 2472 1428 2531 fiat
1450 2471 1726 2534 facilius?
1806 2472 1983 2548 Nam,
2011 2473 2263 2546 facilius,
2291 2473 2505 2534 eodem

312 2568 494 2629 modo
543 2568 917 2649 trisyllabum
963 2578 1076 2640 est,
1130 2586 1269 2647 quo,
1311 2568 1535 2647 potius,
1585 2568 1961 2649 bisyllabum.
2064 2570 2263 2650 Eligat
2307 2581 2505 2630 autem

308 2664 522 2738 lector,
549 2665 715 2745 quod
740 2666 928 2744 magis
956 2664 1072 2724 erit
1116 2684 1190 2723 ex
1239 2664 1416 2722 animi
1458 2665 1781 2725 sententia:
1823 2665 2302 2743 quandoquidem
2327 2665 2505 2724 etiam

315 2763 478 2841 apud
507 2763 864 2834 Lucretium,
894 2760 1076 2836 aliud,
1102 2761 1187 2821 ita
1227 2760 1585 2841 bisyllabum
1624 2760 1932 2841 accipitur,
1971 2771 2039 2821 ut
2065 2760 2260 2821 cauda
2284 2759 2508 2839 dactyli

317 2859 413 2919 sit.
476 2859 743 2939 Iniquior
770 2859 882 2919 fuit
923 2859 1010 2920 illi
1050 2858 1244 2919 versui
1292 2878 1364 2918 ex
1393 2859 1652 2939 Hecyra,
1683 2876 1755 2918 ex
1783 2876 1924 2938 quo,
1960 2857 2135 2930 dum,
2160 2855 2506 2937 particulam

317 2954 675 3035 expletivum
702 2954 950 3015 exemit:
1000 2954 1100 3034 qui
1147 2966 1348 3015 tamen
1379 2975 1514 3016 cum
1556 2955 1959 3035 sequentibus,
2003 2974 2257 3034 cumque
2285 2972 2509 3034 praece·

317 3049 600 3112 dentibus
626 3051 960 3111 octonarius
987 3052 1105 3112 sit:
1164 3058 1185 3087 ‘
1203 3052 1385 3112 Mane
1414 3051 1556 3112 dum
1586 3051 1800 3112 sodes:
1842 3051 2040 3124 timeo,
2079 3070 2157 3110 ne
2198 3050 2359 3111 aliud
2381 3070 2509 3111 cre-

320 3147 480 3222 dam,
510 3161 691 3228 atque
719 3149 881 3210 aliud
909 3150 1188 3211 nunties?
1249 3149 1381 3211 Hoc
1409 3149 1489 3209 ibi
1517 3170 1651 3209 cum
1679 3148 1908 3220 adimit,
1933 3150 2017 3210 ita
2044 3149 2182 3210 alibi
2203 3168 2374 3228 seque
2400 3149 2510 3208 im·

319 3256 575 3324 portune
605 3246 777 3308 addit
803 3247 879 3307 de
891 3268 1052 3308 ssuo:
1097 3259 1164 3308 ut
1190 3248 1268 3307 ad
1297 3267 1429 3308 eum
1458 3267 1691 3308 versum
1732 3268 1806 3308 ex
1833 3246 2160 3308 Eunucho:
2206 3253 2224 3282 ‘
2243 3247 2360 3307 Par
2383 3247 2513 3325 pari

319 3343 557 3416 referte,
608 3343 767 3423 quod
814 3363 941 3404 eam
992 3344 1302 3405 mordeat.’
1382 3344 1571 3405 Modo
1616 3344 1805 3416 addit,
1855 3361 2053 3411 nunc:
2095 3342 2295 3416 modo,
2335 3359 2509 3410 mox:

319 3440 523 3511 modo,
553 3439 673 3508 sic:
717 3440 898 3500 modo
924 3441 1124 3501 nescio
1152 3439 1319 3520 quid.
1403 3441 1537 3520 Ego
1560 3460 1700 3501 vero
1728 3440 1871 3500 nihil
1915 3441 2343 3502 immutandum
2371 3458 2511 3500 cen·

321 3554 423 3598 seo
451 3535 533 3595 de
574 3519 825 3596 consilio
870 3536 1112 3597 Poetae:
1155 3538 1254 3617 qui
1301 3537 1593 3617 integrum
1635 3539 2025 3618 proverbium,
2070 3538 2223 3599 sicut
2265 3537 2514 3597 circum-

320 3632 637 3705 ferebatur,
679 3631 763 3692 ita
804 3632 1142 3695 interseruit
1184 3632 1483 3693 trochaico
1516 3643 1710 3695 tractu
1739 3653 1757 3694 :
1797 3653 1979 3714 quare
2004 3634 2287 3695 audacius
2315 3633 2514 3718 etiam,

322 3729 677 3803 remordeat,
737 3734 1108 3811 suppositum
1155 3739 1267 3790 est.
1372 3728 1549 3800 Nam,
1592 3729 1642 3788 si
1687 3729 1832 3808 quid
1880 3729 2092 3802 addas,
2142 3748 2344 3789 versus
2392 3748 2513 3789 non

323 3836 599 3888 constet:
642 3827 693 3887 si
737 3828 881 3888 nihil
927 3827 1140 3900 addas,
1181 3827 1260 3887 ad
1307 3826 1783 3886 concinnandum
1825 3826 2187 3885 trochaicum
2233 3826 2375 3886 nihil
2422 3837 2516 3887 est

327 3937 498 4001 opus.
584 3924 662 3985 Et
690 3945 808 3984 non
838 3925 1027 3986 solum
1054 3926 1169 3985 hoc
1199 3926 1469 4004 exemplo
1498 3924 1559 3983 in
1600 3923 1871 3984 omnibus
1919 3923 2135 4003 legitur
2171 3924 2517 4004 exemplari·-

327 4017 458 4090 lms,
501 4019 611 4080 sed
657 4021 835 4080 etiam
886 4022 1092 4081 eadem
1136 4019 1254 4082 fide
1294 4022 1603 4081 recitatum
1649 4040 1686 4080 a
1727 4021 2010 4081 Cicerone
2054 4023 2114 4080 in
2160 4020 2410 4102 epistola
2436 4019 2513 4079 ad

332 4111 660 4175 Lentulum.
759 4118 978 4177 Verum
1028 4119 1299 4197 apposuit
1339 4117 1465 4196 pari
1517 4117 1771 4177 audacia
1819 4117 2179 4192 adverbium,
2228 4137 2408 4190 nunc,
2456 4121 2512 4179 ei

333 4212 552 4274 versui:
584 4214 751 4274 ‘Alio
776 4225 952 4294 pacto
978 4215 1227 4276 honeste
1248 4235 1366 4296 quo
1390 4215 1567 4276 modo
1588 4216 1727 4277 hinc
1748 4217 1974 4292 abeam,
1999 4217 2242 4278 nescio.’
2300 4216 2509 4297 Neque
