3050 4942
812 366 1176 418 nsmams
1225 367 1518 419 namen
1571 366 2091 419 pressurum.
2459 357 2548 423 91

345 511 467 583 itio,
495 530 634 589 quse
663 530 783 571 non
812 521 907 571 est
944 509 1195 592 Tragica
1224 512 1333 574 sed
1378 512 1624 574 Comica
1670 511 2016 593 (μετάβασιν
2065 515 2295 576 vocavit
2320 514 2551 576 Aristo-

346 610 542 684 teles),
569 628 710 689 pars
737 628 874 688 quse
895 609 1213 688 opponitur
1241 616 1309 694 τῇ
1337 609 1492 670 δόσει
1517 612 1723 689 (quam
1767 620 1827 670 et
1853 610 2021 672 λύσιν
2047 631 2151 672 seu
2195 610 2550 672 solutionem

344 707 609 781 vocant),
653 726 729 766 ex
776 705 1072 766 sententia
1100 706 1424 768 succedere
1450 726 1571 769 non
1600 706 1813 787 potuit.
1897 708 2115 780 Quare,
2145 707 2464 790 impeditus
2488 718 2552 770 et

345 802 566 863 oblitus
611 801 725 876 sui,
773 802 858 862 ire
905 803 1139 883 cogitur
1180 803 1258 865 ad
1299 805 1533 875 Deum3
1573 802 1692 866 hoc
1739 813 1833 865 est
1855 824 1872 873 ς
1914 806 2030 867 ἀπὸ
2057 819 2317 887 μηχανῆς
2340 805 2508 865 finire
2533 824 2553 864 ε

342 899 506 979 quod
534 909 632 960 est
656 899 928 960 ultimum
959 900 1251 980 refugium
1279 901 1507 976 Poetae,
1546 921 1685 964 cum
1711 906 1814 973 τὴν
1839 899 2000 963 δόσιν
2018 902 2135 963 hoc
2163 912 2276 974 est,
2307 901 2553 974 nodum,

344 1017 521 1076 quem
549 997 764 1077 ligavit
786 997 936 1078 ipse,
964 998 1193 1059 solvere
1233 1019 1355 1060 non
1384 1008 1606 1080 potest,
1657 1008 1719 1060 et
1743 1018 1867 1060 rem
1900 1019 2109 1079 parum
2135 999 2379 1080 provide
2403 1008 2557 1059 trac-

343 1095 512 1155 tavit.
597 1094 755 1155 Nam
802 1105 1039 1170 ceterae,
1082 1083 1222 1176 quas
1267 1096 1350 1158 ibi
1399 1096 1756 1158 adhibentur
1798 1096 2113 1170 machinae,
2161 1096 2240 1156 ad
2269 1115 2465 1157 scenae
2492 1104 2556 1155 et

344 1190 616 1272 choragii
644 1202 941 1264 ornatum,
969 1196 1061 1252 καὶ
1088 1196 1190 1264 τὴν
1216 1192 1371 1271 ὄψιν,
1420 1202 1491 1254 ut
1532 1193 1934 1272 Philosophus
1985 1192 2061 1254 de
2087 1192 2158 1253 iis
2188 1191 2350 1271 loqui
2379 1191 2555 1264 solet,

343 1290 719 1350 referuntur:
762 1289 940 1369 quale
967 1303 1062 1352 est
1090 1290 1408 1365 brontium,
1437 1301 1498 1352 et
1523 1291 2072 1370 ceraunoscopium,
2099 1307 2347 1369 quorum
2368 1287 2556 1348 altero

346 1386 424 1448 ad
450 1386 701 1459 tonitru,
744 1385 860 1446 hoc
914 1385 993 1446 ad
1042 1385 1269 1447 fulmen
1319 1376 1788 1468 exprimendum,
1835 1386 1899 1446 in
1947 1385 2374 1465 Amphitryone
2401 1403 2554 1464 opus
2585 1413 2601 1427 =

344 1481 475 1543 fuit.
564 1483 772 1543 Finem
808 1499 972 1555 vem,
1022 1502 1158 1563 quoe
1206 1502 1245 1543 a
1284 1483 1584 1556 machina,
1628 1483 1926 1544 lubentius
1971 1483 2033 1542 in
2074 1481 2329 1562 Tragico
2371 1499 2555 1562 quam

347 1579 596 1641 Comico
623 1589 876 1641 excusat
905 1578 1254 1640 Aristoteles
1276 1599 1293 1649 3
1338 1580 1480 1659 quia
1500 1589 1852 1661 argumento
1880 1577 2167 1659 Tragicus
2191 1578 2556 1658 astringitur,

346 1675 507 1754 quod
536 1677 776 1760 accipit.
859 1675 1222 1757 Quanquam
1250 1697 1327 1738 ne
1355 1677 1497 1738 huie
1523 1676 1764 1757 quidem
1790 1694 1922 1738 eam
1950 1675 2092 1737 fecit
2119 1676 2390 1755 gratiam,
2417 1694 2557 1736 cum.

346 1771 578 1851 inquit:
619 1773 871 1853 Φανερόν
898 1771 1022 1845 σῧν,
1071 1774 1159 1837 ὅτι
1185 1777 1278 1835 καὶ
1303 1780 1406 1837 rds
1431 1780 1620 1836 λύσειε
1646 1786 1758 1836 τῶν
1794 1774 1987 1854 μύθων
2031 1775 2090 1847 ἐξ
2133 1776 2304 1834 αὑτοῦ
2341 1771 2430 1832 δεῖ
2457 1784 2557 1833 τοῦ

345 1874 522 1945 μύθου
567 1870 931 1950 συμβαίνειν,
979 1874 1073 1933 καὶ
1101 1875 1203 1952 μὴ,
1254 1876 1438 1950 ὥσπερ
1481 1875 1546 1933 ἐν
1597 1877 1667 1955 τῇ
1712 1868 1971 1948 Μηδείᾳ,
2000 1868 2113 1929 ἀπὸ
2156 1879 2437 1950 μηχανῆς,
2464 1871 2561 1930 καὶ

350 1968 412 2025 ἐν
438 1973 507 2050 τῇ
535 1968 736 2029 Ἰλιάδι
763 1972 833 2029 τὰ
862 1971 987 2047 περὶ
1033 1970 1133 2030 τὸν
1168 1972 1503 2031 ἅπόπλουνε
1547 1969 1612 2029 id
1632 1979 1766 2030 est:
1831 1966 2219 2028 Manifestum
2269 1984 2412 2046 ergo
2439 1973 2555 2039 est,

350 2065 525 2124 etiam
555 2064 777 2125 exitum
806 2064 1073 2139 Fabulae,
1100 2084 1134 2124 e
1162 2065 1394 2126 Fabula
1434 2067 1569 2145 ipsa
1610 2066 1734 2147 peti
1762 2063 1999 2138 debere,
2049 2082 2169 2123 non
2198 2083 2236 2123 a
2260 2062 2556 2135 machina,

350 2170 417 2219 ut
442 2161 500 2219 in
536 2160 776 2234 Medea,
808 2171 912 2223 aut
931 2161 1432 2242 quemadmodum
1461 2165 1522 2225 in
1553 2162 1763 2237 Iliade,
1791 2164 1853 2224 in
1876 2161 1948 2224 iis
1967 2181 2105 2242 quae
2123 2160 2281 2222 circa
2301 2158 2557 2221 reditum

354 2255 701 2318 Graecorum
743 2258 913 2319 fiunt.
993 2259 1272 2321 Medeam
1303 2273 1522 2335 autem,
1567 2280 1692 2321 non
1719 2259 2120 2340 Euripideam,
2165 2257 2273 2318 sed
2313 2256 2559 2318 alterius

352 2353 636 2433 intelligit
660 2351 889 2415 Po‘etoe.
951 2355 1116 2417 Idem
1131 2366 1194 2417 et
1214 2356 1519 2432 Horatius,
1547 2377 1582 2419 e
1611 2357 1889 2432 Padano,
1911 2355 2111 2428 credo,
2141 2353 2557 2434 Neoptolemo,

355 2469 386 2509 e
415 2470 539 2529 quo
579 2450 862 2531 pleraque
908 2464 1209 2534 proecepta
1248 2473 1361 2518 sua
1405 2455 1468 2515 in
1509 2455 1627 2517 hoe
1676 2455 1896 2535 scripto
1945 2453 2165 2531 hausit,
2209 2449 2561 2534 fugiendum

256 2603 262 2609 .
352 2556 556 2607 monet
575 2564 593 2606 2

515 2689 647 2750 Nec
677 2689 842 2752 Deus
866 2690 1116 2768 intersit,
1144 2694 1259 2756 nisi
1287 2694 1508 2777 dignus
1536 2692 1772 2754 vindice
1801 2692 1994 2754 nodus

516 2788 820 2850 Inciderit.

358 2933 471 2993 Ubi
518 2932 718 2994 nodus
747 2943 842 2995 est
866 2937 902 3007 ἦ
930 2933 1105 3009 δέοις,
1149 2956 1285 3015 quoe
1332 2933 1630 2997 interdum
1658 2954 1773 3014 ope
1820 2932 2083 2994 humana
2125 2934 2278 2997 solvi
2303 2936 2427 2999 non
2450 2959 2562 3020 po·

356 3041 495 3089 test.
579 3030 698 3099 Qui
718 3030 980 3110 quidem,
1005 3032 1118 3092 nisi
1144 3045 1358 3111 proeter
1377 3032 1585 3094 Poetae
1612 3032 1978 3093 voluntatem
2007 3039 2113 3092 aut
2137 3052 2210 3093 ex
2231 3037 2565 3116 argumenti

354 3126 589 3187 eveniat
616 3126 993 3202 necessitate,
1039 3148 1162 3189 non
1189 3148 1231 3190 a
1257 3131 1412 3203 Deo,
1438 3129 1602 3210 quod
1640 3128 1900 3210 cujusvis
1944 3130 2127 3192 etiam·
2147 3129 2565 3212 imperitissimi

356 3235 452 3284 est
476 3223 760 3295 hominis,
786 3244 987 3286 verum
1015 3246 1053 3286 a
1079 3225 1270 3287 Poeta
1309 3227 1462 3288 solvi
1488 3228 1687 3289 debet.
1767 3226 2021 3302 Rursus,
2048 3226 2202 3289 sicut
2226 3230 2419 3310 pictor
2445 3231 2566 3310 pri-

357 3340 454 3380 mo
478 3319 765 3384 ambitum
790 3305 1071 3396 delineat,
1112 3321 1328 3384 deinde
1377 3323 1616 3404 singula
1661 3324 1941 3398 absolvit,
1980 3323 2066 3385 ita
2108 3325 2347 3405 sapiens
2375 3326 2568 3389 Poeta

358 3418 656 3480 actionem
694 3436 863 3478 suam
903 3418 1349 3481 circumscribit.
1432 3422 1725 3495 Primum,
1743 3431 1812 3482 ut
1858 3421 1934 3482 sit
1976 3430 2140 3482 tota:
2196 3422 2312 3484 hoc
2355 3433 2468 3497 est,
2496 3435 2567 3487 ut

357 3514 733 3593 principium,
762 3525 830 3575 ut
852 3516 1028 3577 finem
1058 3517 1296 3592 habeat,
1345 3527 1408 3580 et
1432 3518 1691 3579 medium
1719 3538 1735 3579 ε
1779 3538 1918 3599 quae
1939 3517 2002 3578 in
2028 3518 2283 3580 minimis
2325 3541 2567 3601 quoque

359 3629 492 3671 esse
520 3621 797 3689 possunt.
880 3612 1130 3675 Minima
1174 3622 1371 3675 autem
1421 3634 1665 3676 sensum
1691 3613 1790 3676 vix
1832 3614 2185 3675 admittunt:
2222 3634 2444 3695 magna
2473 3616 2566 3676 ni-

359 3707 543 3767 mium
572 3707 945 3789 dispergunt.
1030 3711 1130 3770 Sic
1178 3711 1482 3774 formicam
1508 3713 1608 3772 vix
1633 3711 1941 3774 videmus:
1999 3712 2062 3771 in
2089 3721 2415 3790 conspectu
2442 3713 2566 3773 ele-

361 3802 569 3881 phanti
606 3804 768 3865 visus
802 3804 897 3866 vix
923 3806 1239 3886 colligitur.
1321 3808 1519 3876 Quare
1564 3807 1887 3869 Comoediae
1915 3806 2367 3887 Tragoedioeque
2395 3824 2569 3890 mags

365 3899 600 3973 nitudo,
628 3909 691 3961 et
715 3901 1015 3981 periodus,
1042 3911 1112 3963 ut
1136 3923 1271 3965 cum
1298 3905 1663 3987 Philosopho
1686 3905 1799 3966 hoc
1821 3905 2035 3978 dicam,
2057 3924 2092 3964 e
2112 3913 2325 3967 natura
2346 3906 2567 3967 utrius-

365 4016 482 4076 que
525 4006 589 4057 et
629 3997 856 4059 ratione
901 3999 1025 4078 peti
1070 4000 1308 4062 debent.
1380 4002 1480 4076 Et,
1520 4002 1846 4063 mutatione
1898 4001 2111 4083 prima,
2144 4001 2259 4064 hoc
2287 4014 2399 4079 est,
2426 4024 2565 4065 cum

368 4092 714 4154 infelicitate
738 4092 814 4154 ad
846 4094 1185 4157 felicitatem
1224 4097 1284 4157 in
1330 4098 1659 4172 Comoedia,
1698 4109 1909 4160 contra
1931 4109 2130 4162 autem
2158 4102 2220 4161 in
2247 4101 2567 4184 Tragoedia

372 4189 584 4250 mutari
612 4199 812 4272 potest
832 4192 1029 4264 actio;
1073 4193 1160 4255 ita
1187 4204 1256 4256 ut
1280 4215 1354 4257 ex
1383 4203 1732 4278 argumento
1759 4194 1924 4274 nihil,
1947 4197 2111 4279 quod
2137 4197 2215 4258 ad
2242 4216 2365 4259 rem
2392 4218 2565 4280 spec-
