3050 4942
482 336 490 343 ’
519 367 647 432 156
1136 378 1405 431 sumus
1452 378 1711 428 cAESAR
1759 375 2131 427 scAmcEn

519 527 674 586 enim
699 524 920 586 vocalis
950 522 1206 597 eliditur,
1235 522 1338 584 sed
1368 533 1594 603 perstat
1621 522 1804 603 longa
1826 527 1963 583 ante
1985 522 2397 601 aspirationem
2422 518 2708 594 adverbii,

517 622 694 682 hinc:
736 632 798 680 et
846 619 1180 680 trochaicus
1229 618 1486 679 decurrit
1534 619 1872 679 octonarius
1922 618 2322 678 catalecticus·
2428 617 2595 677 Sicut
2645 618 2706 676 in

518 720 697 779 verbo
724 717 1130 798 monosyllabo
1158 716 1323 775 nulla
1350 717 1487 776 item
1534 716 1765 776 collisio
1813 717 1899 790 fit,
1941 736 2133 796 neque
2185 715 2244 773 in
2294 713 2591 786 adverbio,
2635 733 2709 773 eo

522 833 729 875 versu:
776 822 794 849 ‘
824 815 946 874 Ora
987 834 1103 885 me,
1145 816 1390 875 obsecro
1436 823 1495 874 te
1542 833 1701 887 vero,
1750 812 2046 884 Phaedria,
2098 811 2116 871 i
2163 813 2349 878 intro:
2400 812 2524 885 hoi,
2570 797 2718 871 hei.'

522 913 798 992 Corrupit
821 912 996 973 etiam
1024 912 1382 992 syllabarum
1410 912 1807 991 quantitates:
1850 923 1916 970 ut
1945 911 2003 969 in
2034 910 2135 971 illo
2163 909 2426 989 ejusdem
2455 907 2710 968 fabulae:

522 1014 540 1042 ⁴
572 1009 671 1069 Sic
699 1020 811 1083 est,
853 1007 1145 1069 inveniam
1172 1008 1349 1070 hodie
1377 1030 1579 1090 parem
1607 1010 1706 1070 ubi
1734 1011 1832 1089 pol
1861 1009 2107 1069 referam
2137 1006 2426 1087 gratiam.'
2506 1006 2709 1065 Ausus

520 1116 615 1165 est
641 1105 834 1166 dicere
863 1104 1222 1177 adverbium,
1248 1106 1448 1180 hodie,
1487 1107 1732 1187 primam
1761 1105 2086 1186 producere
2111 1123 2127 1163 :
2171 1103 2469 1183 quoniam,
2497 1101 2710 1181 inquit,

521 1187 678 1261 idem
721 1203 815 1276 sit,
858 1223 928 1263 ac
971 1204 1020 1262 si
1063 1202 1251 1276 dicas,
1293 1203 1408 1263 hoc
1450 1203 1566 1264 die.
1650 1204 1751 1276 At,
1795 1201 1956 1281 quod
1998 1219 2290 1279 nusquam
2333 1209 2445 1271 est,
2489 1208 2709 1258 narrat.

523 1298 675 1358 Nam
705 1319 839 1359 cum
860 1310 971 1371 est,
993 1300 1107 1360 hoc
1125 1300 1241 1384 die,
1262 1309 1502 1380 propter
1521 1300 1873 1379 positionem
1895 1297 2256 1377 producitur.
2321 1296 2475 1354 Nam
2500 1304 2712 1373 suapte

523 1406 736 1456 natura
781 1398 958 1457 breve
1004 1417 1325 1477 pronomen
1372 1407 1501 1458 est:
1554 1398 1708 1457 sicut
1757 1396 1882 1475 ejus
1931 1413 2189 1473 compar,
2230 1392 2347 1451 hic.
2432 1390 2712 1450 Graecum

480 1543 484 1562 ,
522 1494 675 1551 enim
704 1501 816 1566 est,
857 1494 909 1554 ὅ.
993 1495 1190 1563 Quare
1233 1494 1378 1554 illud
1423 1493 1846 1573 Virgilianum:
1891 1496 1909 1525 ‘
1934 1491 2067 1550 Hoc
2096 1497 2223 1549 erat
2249 1490 2404 1548 alma
2431 1481 2710 1566 parens?

523 1610 642 1650 non
673 1591 863 1651 solum
890 1600 1127 1671 propter
1154 1592 1695 1672 interrogationem,
1747 1588 1852 1649 sed
1882 1588 2058 1648 etiam
2086 1588 2162 1647 ob
2192 1584 2434 1666 syllaboe
2464 1584 2714 1644 servitu-

522 1699 661 1760 tem,
701 1687 929 1767 legunt,
966 1688 1180 1761 Hocce,
1228 1689 1268 1747 ii
1305 1688 1405 1769 qui
1433 1687 1747 1748 existimati
1779 1696 1918 1745 sunt
1944 1683 2254 1744 doctiores,
2337 1682 2525 1757 Breye
2551 1681 2710 1741 enim·

520 1786 705 1847 fuisse
730 1786 823 1848 vel
867 1786 1006 1846 inde
1043 1786 1517 1867 deprehenditur,
1563 1786 1658 1845 ubi
1686 1794 2050 1844 consonante
2080 1781 2297 1841 amissa
2325 1779 2385 1839 in
2413 1778 2711 1852 adverbio,

520 1882 719 1956 hodie,
766 1893 1096 1963 correptum
1127 1877 1258 1945 est:
1302 1885 1459 1964 quod
1491 1885 1667 1944 etiam
1696 1882 1963 1962 exemplo
1990 1871 2255 1940 invenias
2282 1898 2356 1938 ex
2382 1897 2558 1938 versu·
2586 1878 2713 1936 He-

523 1998 719 2059 cyrae:
763 1987 780 2014 ‘
810 1979 1017 2039 Visum
1070 1990 1199 2040 est:
1244 1980 1527 2041 certene?
1571 1988 1728 2040 certe
1774 1970 1941 2038 Deus
1996 1971 2163 2045 sum3
2209 1976 2257 2035 si
2300 1975 2416 2035 hoc
2463 1975 2548 2033 ita
2597 1983 2713 2046 est,

522 2096 724 2136 verum
751 2077 1043 2157 reperies.'
1125 2078 1235 2137 Est
1262 2078 1413 2137 enim
1443 2096 1787 2158 pronomen,
1832 2077 1969 2149 hoc,
2021 2074 2286 2134 secunda
2313 2072 2541 2153 syllaba
2568 2067 2713 2130 dac-

522 2172 651 2252 tyli,
688 2173 792 2251 qui
839 2172 897 2230 in
949 2174 1159 2252 quinta
1208 2174 1348 2234 sede
1394 2186 1523 2234 est:
1567 2175 1944 2252 quamobrem
1992 2192 2218 2245 versus,
2260 2171 2336 2230 de
2384 2189 2502 2249 quo
2551 2163 2714 2228 nunc

522 2269 924 2328 controversia
968 2279 1079 2342 est,
1120 2270 1489 2351 septenarius
1538 2265 1631 2331 est
1674 2269 1981 2337 iambicus,
2081 2270 2149 2328 In
2199 2267 2463 2327 convivio
2512 2275 2712 2325 autem

524 2365 777 2445 poeticO,
813 2366 978 2426 illum·
1006 2386 1080 2426 ex
1109 2366 1380 2427 Eunuchi
1408 2363 1706 2446 Prologo:
1748 2373 1766 2402 ‘
1793 2366 2004 2425 Habeo
2032 2364 2148 2424 alia
2173 2363 2361 2423 multa
2386 2382 2521 2442 quae
2549 2380 2712 2421 nunc

523 2462 1070 2524 condonabuntur?
1112 2466 1195 2525 ait
1221 2463 1570 2525 mendosum
1599 2483 1770 2524 esse:
1812 2483 2003 2543 neque
2031 2461 2184 2522 enim
2215 2470 2519 2520 scazontes
2548 2458 2611 2516 in
2638 2455 2714 2518 ea

526 2559 744 2640 genera
771 2562 1091 2621 carminum
1122 2562 1387 2622 admitti:
1429 2561 1629 2641 itaque
1672 2569 1740 2619 ut
1781 2570 2029 2619 metrum
2074 2556 2408 2637 corrigeret,
2448 2555 2711 2634 linguam

526 2656 793 2717 Latinam
842 2657 1203 2737 depravavit,
1252 2678 1386 2718 cum
1434 2657 1765 2738 supposuit,
1816 2653 2265 2715 condonabitur.
2370 2654 2528 2712 Nam
2578 2645 2716 2731 quis‘

526 2752 707 2827 dicat,
751 2763 767 2789 ‘
791 2756 880 2814 Tu
932 2756 1359 2817 condonaberis
1406 2776 1442 2815 a
1483 2775 1578 2815 me
1619 2753 2069 2815 commentarios
2089 2750 2135 2809 ’ζ’
2214 2747 2309 2809 An
2354 2768 2493 2810 vero
2535 2750 2712 2808 etiam

519 2854 869 2927 ¹‹iunooaenlru-‹nn
897 2873 1078 2912 ausus
1107 2862 1218 2923 est,
1260 2864 1319 2912 et
1359 2863 1584 2912 rectum
1612 2869 1906 2930 apponere
1934 2857 2130 2908 tamen
2159 2845 2408 2907 casum?
2489 2846 2570 2904 At
2598 2863 2713 2923 ego

525 2958 672 3023 puto
717 2948 985 3020 Veteres,
1026 2947 1320 3008 excitandi
1370 2956 1732 3025 spectatores
1782 2946 1990 3025 gratia,
2032 2962 2235 3004 naevos
2279 2943 2463 3002 hosce
2513 2961 2718 3021 asper-

527 3043 708 3102 sisse:
737 3064 929 3121 neque
955 3044 1016 3102 in
1044 3062 1116 3102 ea
1141 3062 1203 3102 re
1228 3042 1414 3101 falsus
1444 3063 1598 3102 sum.
1656 3044 1811 3102 Nam
1841 3043 1941 3121 qui
1966 3040 2167 3101 decuit
2185 3040 2402 3111 minus,
2422 3037 2713 3119 spondaeo
2772 3104 2776 3108 <

528 3138 804 3198 claudere
832 3138 1162 3211 iambicum,
1191 3157 1369 3217 quarn
1396 3137 1753 3219 dactylicum
1784 3136 2026 3198 sistere?
2066 3139 2146 3196 At
2167 3146 2452 3216 quantum
2481 3134 2714 3195 decoris

531 3235 696 3296 addit
743 3235 999 3310 affectui,
1040 3258 1175 3297 cum
1219 3237 1472 3297 diximus
1499 3238 1560 3296 in
1589 3236 1808 3297 inferiis
1837 3237 2036 3297 filiolae
2064 3246 2305 3310 nostrae,
2347 3236 2562 3295 sororis
2592 3247 2714 3295 tuae

530 3333 885 3403 lectissimae,
916 3333 1116 3414 Sylvi:
1162 3342 1179 3371 ‘
1212 3335 1344 3395 Heu
1378 3334 1493 3394 heu
1522 3354 1777 3414 quonam
1809 3334 2083 3405 animam,
2124 3352 2242 3411 quo
2270 3331 2524 3392 carmine
2552 3351 2716 3392 com-

531 3430 766 3509 pellabo
787 3430 830 3489 ’ζ’
894 3429 1012 3490 Sed
1042 3430 1117 3490 de
1145 3430 1238 3490 his
1267 3431 1526 3490 numeris
1557 3432 1615 3489 in
1648 3430 1818 3490 tertio
1846 3430 1994 3490 libro
2019 3428 2290 3489 Poetices
2318 3429 2421 3488 tibi
2450 3430 2595 3488 satis
2625 3439 2718 3489 est

532 3526 919 3607 disputatum.
1003 3528 1096 3586 Ita
1139 3527 1503 3606 gravitatem,
1548 3537 1608 3586 et
1650 3526 1970 3598 lenitatem,
2012 3537 2074 3585 et
2113 3525 2505 3585 constantiam
2536 3525 2717 3587 animi

532 3624 854 3685 ostendens
900 3623 1229 3697 Terentius,
1271 3623 1495 3683 remisit
1543 3623 1618 3683 de
1667 3623 1843 3682 iambi
1887 3623 2239 3683 acerbitate:
2282 3641 2429 3682 neve
2457 3623 2587 3682 sine
2616 3643 2717 3683 ex-

532 3721 728 3802 emplo
775 3721 987 3782 fecisse
1032 3740 1166 3780 eum
1213 3720 1507 3792 arbitrere,
1557 3718 1804 3779 habebis
1855 3739 1927 3779 ex
1970 3718 2228 3798 Prologo
2273 3716 2716 3800 Amphitryonis

531 3837 751 3879 unum:
795 3824 812 3853 ‘
843 3815 1018 3886 Quod
1067 3835 1179 3895 ego
1226 3815 1343 3876 huc
1388 3815 1649 3894 processi
1699 3816 1784 3874 sic
1831 3833 1965 3874 cum
2012 3813 2204 3874 servili
2248 3814 2528 3875 schema.·’
2609 3816 2718 3875 Est

532 3915 710 3988 enim,
740 3928 966 3994 σχῆμα
997 3931 1333 3992 quanquam
1363 3930 1482 3969 non
1513 3928 1643 3968 sum
1671 3909 1906 3969 nescius
1926 3910 2078 3969 viros
2107 3908 2317 3971 doctos
2346 3910 2583 3970 sublata
2612 3910 2717 3972 ali-

535 4011 694 4071 unde
722 4009 971 4090 syllaba,
998 4008 1295 4080 schemate,
1321 4007 1518 4086 legere
1547 4004 1752 4063 solitos
1776 4024 1792 4063 ε
1828 4025 2009 4083 quare
2037 4004 2198 4064 aliud
2225 4005 2446 4066 habeas
2474 4027 2551 4066 ex
2579 4008 2716 4067 Asi-

536 4109 739 4166 naria:
782 4113 799 4141 ‘
817 4106 947 4183 Age
974 4123 1133 4163 nunc
1160 4103 1350 4163 reside
1370 4103 1494 4182 jam
1523 4121 1667 4161 cave
1693 4102 1870 4161 modo
1899 4121 1975 4161 ne
2003 4101 2239 4181 graxis?
2320 4102 2529 4183 Neque
2557 4102 2711 4163 enim

536 4212 855 4284 sequentur
895 4199 1250 4281 analogiam,
1290 4198 1401 4279 qui·
1431 4199 1713 4280 grumeris
1752 4197 2036 4279 legerint:
2081 4197 2261 4259 nihilo
2303 4218 2446 4261 sane
2485 4199 2710 4273 melius,
