<?xml version="1.0" encoding="UTF-8"?>
<!DOCTYPE html PUBLIC "-//W3C//DTD XHTML 1.0 Transitional//EN"
    "http://www.w3.org/TR/xhtml1/DTD/xhtml1-transitional.dtd">
<html xmlns="http://www.w3.org/1999/xhtml" xml:lang="en" lang="en">
 <head>
  <title>
</title>
<meta http-equiv="Content-Type" content="text/html;charset=utf-8" />
  <meta name='ocr-system' content='tesseract 3.04.00' />
  <meta name='ocr-capabilities' content='ocr_page ocr_carea ocr_par ocr_line ocrx_word'/>
</head>
<body>
  <div class='ocr_page' id='page_1' title='image "./comoedisex00unkngoog_0198.png"; bbox 0 0 3050 4942; ppageno 0'>
   <div class='ocr_carea' id='block_1_1' title="bbox 530 355 2189 431">
    <p class='ocr_par' dir='ltr' id='par_1_1' title="bbox 530 355 2189 431">
     <span class='ocr_line' id='line_1_1' title="bbox 530 355 2189 431; baseline -0.004 0"><span class='ocrx_word' id='word_1_1' title='bbox 530 355 684 431; x_wconf 80' lang='lat'>188&#39;</span> <span class='ocrx_word' id='word_1_2' title='bbox 1051 377 1117 427; x_wconf 76' lang='grc' dir='ltr'>τ.</span> <span class='ocrx_word' id='word_1_3' title='bbox 1167 378 1386 427; x_wconf 66' lang='lat' dir='ltr'>unm</span> <span class='ocrx_word' id='word_1_4' title='bbox 1437 375 2189 427; x_wconf 64' lang='lat' dir='ltr'>onsnnvmmncusffl</span> 
     </span>
    </p>
   </div>
   <div class='ocr_carea' id='block_1_2' title="bbox 530 517 2724 1375">
    <p class='ocr_par' dir='ltr' id='par_1_2' title="bbox 530 517 2724 1375">
     <span class='ocr_line' id='line_1_2' title="bbox 531 517 2716 600; baseline -0.001 -18"><span class='ocrx_word' id='word_1_5' title='bbox 531 530 601 582; x_wconf 85' lang='lat' dir='ltr'>ut</span> <span class='ocrx_word' id='word_1_6' title='bbox 624 520 896 582; x_wconf 77' lang='lat' dir='ltr'>&#39;carminis</span> <span class='ocrx_word' id='word_1_7' title='bbox 925 520 1074 581; x_wconf 85' lang='lat' dir='ltr'>ratio</span> <span class='ocrx_word' id='word_1_8' title='bbox 1101 529 1164 581; x_wconf 84' lang='lat' dir='ltr'>et</span> <span class='ocrx_word' id='word_1_9' title='bbox 1202 519 1414 581; x_wconf 85' lang='lat' dir='ltr'>modus</span> <span class='ocrx_word' id='word_1_10' title='bbox 1443 520 1548 593; x_wconf 90' lang='lat' dir='ltr'>rei,</span> <span class='ocrx_word' id='word_1_11' title='bbox 1576 538 1697 599; x_wconf 93' lang='lat' dir='ltr'>qua</span> <span class='ocrx_word' id='word_1_12' title='bbox 1745 519 1820 580; x_wconf 92' lang='lat' dir='ltr'>de</span> <span class='ocrx_word' id='word_1_13' title='bbox 1868 521 2082 600; x_wconf 86' lang='lat' dir='ltr'>agitur,</span> <span class='ocrx_word' id='word_1_14' title='bbox 2132 528 2399 579; x_wconf 86' lang='lat' dir='ltr'>naturam</span> <span class='ocrx_word' id='word_1_15' title='bbox 2445 517 2563 579; x_wconf 84' lang='lat' dir='ltr'>fere</span> <span class='ocrx_word' id='word_1_16' title='bbox 2590 518 2716 599; x_wconf 85' lang='lat' dir='ltr'>ple·</span> 
     </span>
     <span class='ocr_line' id='line_1_3' title="bbox 531 614 2715 698; baseline -0.003 -19"><span class='ocrx_word' id='word_1_17' title='bbox 531 637 774 697; x_wconf 89' lang='lat' dir='ltr'>rumque</span> <span class='ocrx_word' id='word_1_18' title='bbox 811 616 1161 698; x_wconf 87' lang='lat' dir='ltr'>exprimant,</span> <span class='ocrx_word' id='word_1_19' title='bbox 1204 616 1366 697; x_wconf 91' lang='lat' dir='ltr'>quod</span> <span class='ocrx_word' id='word_1_20' title='bbox 1395 616 1456 675; x_wconf 91' lang='lat' dir='ltr'>in</span> <span class='ocrx_word' id='word_1_21' title='bbox 1497 616 1700 697; x_wconf 89' lang='lat' dir='ltr'>primis</span> <span class='ocrx_word' id='word_1_22' title='bbox 1728 614 2163 677; x_wconf 87' lang='lat' dir='ltr'>observandum</span> <span class='ocrx_word' id='word_1_23' title='bbox 2190 623 2302 688; x_wconf 88' lang='lat' dir='ltr'>est,</span> <span class='ocrx_word' id='word_1_24' title='bbox 2331 624 2394 675; x_wconf 88' lang='lat' dir='ltr'>et</span> <span class='ocrx_word' id='word_1_25' title='bbox 2418 614 2536 675; x_wconf 90' lang='lat' dir='ltr'>acri</span> <span class='ocrx_word' id='word_1_26' title='bbox 2566 633 2715 694; x_wconf 90' lang='lat' dir='ltr'>quo-</span> 
     </span>
     <span class='ocr_line' id='line_1_4' title="bbox 533 712 2716 793; baseline -0.002 -20"><span class='ocrx_word' id='word_1_27' title='bbox 533 713 671 773; x_wconf 85' lang='lat' dir='ltr'>dam</span> <span class='ocrx_word' id='word_1_28' title='bbox 699 713 923 774; x_wconf 89' lang='lat' dir='ltr'>aurium</span> <span class='ocrx_word' id='word_1_29' title='bbox 939 713 1166 793; x_wconf 88' lang='lat' dir='ltr'>judicio</span> <span class='ocrx_word' id='word_1_30' title='bbox 1195 713 1680 774; x_wconf 84' lang='lat' dir='ltr'>consectandum.</span> <span class='ocrx_word' id='word_1_31' title='bbox 1765 712 2068 774; x_wconf 77' lang='lat' dir='ltr'>Estaliud</span> <span class='ocrx_word' id='word_1_32' title='bbox 2093 712 2291 786; x_wconf 87' lang='lat' dir='ltr'>etiam,</span> <span class='ocrx_word' id='word_1_33' title='bbox 2317 712 2379 770; x_wconf 89' lang='lat' dir='ltr'>in</span> <span class='ocrx_word' id='word_1_34' title='bbox 2406 730 2524 790; x_wconf 91' lang='lat' dir='ltr'>quo</span> <span class='ocrx_word' id='word_1_35' title='bbox 2552 729 2716 769; x_wconf 86' lang='lat' dir='ltr'>max-</span> 
     </span>
     <span class='ocr_line' id='line_1_5' title="bbox 531 804 2719 890; baseline -0.002 -21"><span class='ocrx_word' id='word_1_36' title='bbox 531 810 652 870; x_wconf 88' lang='lat' dir='ltr'>ima</span> <span class='ocrx_word' id='word_1_37' title='bbox 679 809 904 871; x_wconf 85' lang='lat' dir='ltr'>utilitas</span> <span class='ocrx_word' id='word_1_38' title='bbox 931 809 1127 890; x_wconf 86' lang='lat' dir='ltr'>posita</span> <span class='ocrx_word' id='word_1_39' title='bbox 1153 819 1286 869; x_wconf 83' lang='lat' dir='ltr'>est:</span> <span class='ocrx_word' id='word_1_40' title='bbox 1340 809 1391 869; x_wconf 88' lang='lat' dir='ltr'>si</span> <span class='ocrx_word' id='word_1_41' title='bbox 1419 808 1520 888; x_wconf 90' lang='lat' dir='ltr'>qui</span> <span class='ocrx_word' id='word_1_42' title='bbox 1547 809 1704 870; x_wconf 90' lang='lat' dir='ltr'>enim</span> <span class='ocrx_word' id='word_1_43' title='bbox 1750 809 1900 870; x_wconf 83' lang='lat' dir='ltr'>forte</span> <span class='ocrx_word' id='word_1_44' title='bbox 1927 810 2153 870; x_wconf 84' lang='lat' dir='ltr'>errores</span> <span class='ocrx_word' id='word_1_45' title='bbox 2201 807 2263 866; x_wconf 91' lang='lat' dir='ltr'>in</span> <span class='ocrx_word' id='word_1_46' title='bbox 2306 805 2560 867; x_wconf 77' lang='lat' dir='ltr'><strong>carmine</strong></span> <span class='ocrx_word' id='word_1_47' title='bbox 2588 804 2719 866; x_wconf 81' lang='lat' dir='ltr'>sue·</span> 
     </span>
     <span class='ocr_line' id='line_1_6' title="bbox 531 902 2717 987; baseline -0.002 -22"><span class='ocrx_word' id='word_1_48' title='bbox 531 907 665 979; x_wconf 89' lang='lat' dir='ltr'>rint,</span> <span class='ocrx_word' id='word_1_49' title='bbox 695 906 858 987; x_wconf 90' lang='lat' dir='ltr'>quod</span> <span class='ocrx_word' id='word_1_50' title='bbox 900 924 1182 987; x_wconf 80' lang='lat' dir='ltr'>perquam</span> <span class='ocrx_word' id='word_1_51' title='bbox 1227 905 1399 967; x_wconf 83' lang='lat' dir='ltr'>facile</span> <span class='ocrx_word' id='word_1_52' title='bbox 1424 916 1624 987; x_wconf 88' lang='lat' dir='ltr'>potest</span> <span class='ocrx_word' id='word_1_53' title='bbox 1658 906 1907 980; x_wconf 88' lang='lat' dir='ltr'>evenire,</span> <span class='ocrx_word' id='word_1_54' title='bbox 1937 916 2000 966; x_wconf 90' lang='lat' dir='ltr'>et</span> <span class='ocrx_word' id='word_1_55' title='bbox 2045 904 2285 965; x_wconf 88' lang='lat' dir='ltr'>nimium</span> <span class='ocrx_word' id='word_1_56' title='bbox 2313 921 2473 983; x_wconf 79' lang='lat' dir='ltr'>saepe</span> <span class='ocrx_word' id='word_1_57' title='bbox 2499 902 2717 974; x_wconf 80' lang='lat' dir='ltr'>evenit,</span> 
     </span>
     <span class='ocr_line' id='line_1_7' title="bbox 531 999 2718 1084; baseline -0.003 -21"><span class='ocrx_word' id='word_1_58' title='bbox 531 1022 634 1070; x_wconf 85' lang='lat' dir='ltr'>eos</span> <span class='ocrx_word' id='word_1_59' title='bbox 664 1004 886 1065; x_wconf 86' lang='lat' dir='ltr'>errores</span> <span class='ocrx_word' id='word_1_60' title='bbox 916 1003 1354 1083; x_wconf 84' lang='lat' dir='ltr'>deprehendere</span> <span class='ocrx_word' id='word_1_61' title='bbox 1394 1005 1589 1084; x_wconf 88' lang='lat' dir='ltr'>possit</span> <span class='ocrx_word' id='word_1_62' title='bbox 1615 1022 1811 1077; x_wconf 87' lang='lat' dir='ltr'>nemo,</span> <span class='ocrx_word' id='word_1_63' title='bbox 1839 1002 1952 1062; x_wconf 91' lang='lat' dir='ltr'>nisi</span> <span class='ocrx_word' id='word_1_64' title='bbox 1996 1001 2099 1081; x_wconf 91' lang='lat' dir='ltr'>qui</span> <span class='ocrx_word' id='word_1_65' title='bbox 2125 1019 2397 1062; x_wconf 82' lang='lat' dir='ltr'>versuum</span> <span class='ocrx_word' id='word_1_66' title='bbox 2433 999 2718 1059; x_wconf 84' lang='lat' dir='ltr'>rationem</span> 
     </span>
     <span class='ocr_line' id='line_1_8' title="bbox 530 1092 2718 1180; baseline -0.003 -22"><span class='ocrx_word' id='word_1_67' title='bbox 530 1098 765 1160; x_wconf 84' lang='lat' dir='ltr'>calleat.</span> <span class='ocrx_word' id='word_1_68' title='bbox 852 1099 974 1160; x_wconf 86' lang='lat' dir='ltr'>Sed</span> <span class='ocrx_word' id='word_1_69' title='bbox 1012 1100 1144 1161; x_wconf 83' lang='lat' dir='ltr'>haec</span> <span class='ocrx_word' id='word_1_70' title='bbox 1172 1100 1317 1160; x_wconf 87' lang='lat' dir='ltr'>satis</span> <span class='ocrx_word' id='word_1_71' title='bbox 1336 1120 1353 1169; x_wconf 87' lang='lat'>;</span> <span class='ocrx_word' id='word_1_72' title='bbox 1423 1119 1614 1180; x_wconf 90' lang='lat' dir='ltr'>neque</span> <span class='ocrx_word' id='word_1_73' title='bbox 1665 1099 1821 1162; x_wconf 88' lang='lat' dir='ltr'>enim</span> <span class='ocrx_word' id='word_1_74' title='bbox 1865 1098 1983 1158; x_wconf 91' lang='lat' dir='ltr'>hoc</span> <span class='ocrx_word' id='word_1_75' title='bbox 2027 1098 2161 1158; x_wconf 92' lang='lat' dir='ltr'>loco</span> <span class='ocrx_word' id='word_1_76' title='bbox 2211 1108 2414 1158; x_wconf 87' lang='lat' dir='ltr'>artem·</span> <span class='ocrx_word' id='word_1_77' title='bbox 2439 1092 2718 1156; x_wconf 86' lang='lat' dir='ltr'>metiendi</span> 
     </span>
     <span class='ocr_line' id='line_1_9' title="bbox 532 1194 2658 1259; baseline -0.001 -5"><span class='ocrx_word' id='word_1_78' title='bbox 532 1194 802 1255; x_wconf 79' lang='lat' dir='ltr'>carminis</span> <span class='ocrx_word' id='word_1_79' title='bbox 832 1194 1045 1259; x_wconf 85' lang='lat' dir='ltr'>docere</span> <span class='ocrx_word' id='word_1_80' title='bbox 1074 1194 1326 1256; x_wconf 82' lang='lat' dir='ltr'>decrevi.</span> <span class='ocrx_word' id='word_1_81' title='bbox 2650 1205 2658 1215; x_wconf 86' lang='grc'>·</span> 
     </span>
     <span class='ocr_line' id='line_1_10' title="bbox 613 1289 2724 1375; baseline -0.002 -24"><span class='ocrx_word' id='word_1_82' title='bbox 613 1290 845 1352; x_wconf 88' lang='lat' dir='ltr'>Paucas</span> <span class='ocrx_word' id='word_1_83' title='bbox 898 1291 1077 1371; x_wconf 83' lang='lat' dir='ltr'>igitur</span> <span class='ocrx_word' id='word_1_84' title='bbox 1117 1292 1631 1354; x_wconf 76' lang='lat' dir='ltr'>observatiuncula</span> <span class='ocrx_word' id='word_1_85' title='bbox 1697 1292 2076 1375; x_wconf 70' lang='lat' dir='ltr'>proposuisse</span> <span class='ocrx_word' id='word_1_86' title='bbox 2125 1289 2439 1364; x_wconf 86' lang='lat' dir='ltr'>suffecerit,</span> <span class='ocrx_word' id='word_1_87' title='bbox 2481 1309 2617 1371; x_wconf 79' lang='lat' dir='ltr'>quse</span> <span class='ocrx_word' id='word_1_88' title='bbox 2662 1297 2724 1348; x_wconf 87' lang='lat' dir='ltr'>et</span> 
     </span>
    </p>
   </div>
   <div class='ocr_carea' id='block_1_3' title="bbox 424 1384 2723 1470">
    <p class='ocr_par' dir='ltr' id='par_1_3' title="bbox 424 1384 2723 1470">
     <span class='ocr_line' id='line_1_11' title="bbox 424 1384 2723 1470; baseline -0.001 -22"><span class='ocrx_word' id='word_1_89' title='bbox 424 1415 433 1424; x_wconf 67' lang='lat'>=</span> <span class='ocrx_word' id='word_1_90' title='bbox 531 1397 710 1448; x_wconf 79' lang='lat' dir='ltr'>certae</span> <span class='ocrx_word' id='word_1_91' title='bbox 740 1397 881 1448; x_wconf 86' lang='lat' dir='ltr'>sunt</span> <span class='ocrx_word' id='word_1_92' title='bbox 918 1399 980 1449; x_wconf 86' lang='lat' dir='ltr'>et</span> <span class='ocrx_word' id='word_1_93' title='bbox 1021 1390 1365 1469; x_wconf 79' lang='lat' dir='ltr'>perspicuae.</span> <span class='ocrx_word' id='word_1_94' title='bbox 1452 1389 1571 1449; x_wconf 89' lang='lat' dir='ltr'>Eas</span> <span class='ocrx_word' id='word_1_95' title='bbox 1618 1400 1813 1450; x_wconf 86' lang='lat' dir='ltr'>autem</span> <span class='ocrx_word' id='word_1_96' title='bbox 1864 1390 2207 1470; x_wconf 82' lang='lat' dir='ltr'>priusquam</span> <span class='ocrx_word' id='word_1_97' title='bbox 2255 1385 2565 1467; x_wconf 87' lang='lat' dir='ltr'>ingredior,</span> <span class='ocrx_word' id='word_1_98' title='bbox 2606 1384 2723 1445; x_wconf 84' lang='lat' dir='ltr'>hoc</span> 
     </span>
    </p>
   </div>
   <div class='ocr_carea' id='block_1_4' title="bbox 530 1481 2734 3111">
    <p class='ocr_par' dir='ltr' id='par_1_4' title="bbox 530 1481 2729 2921">
     <span class='ocr_line' id='line_1_12' title="bbox 533 1481 2724 1565; baseline -0.002 -21"><span class='ocrx_word' id='word_1_99' title='bbox 533 1483 692 1557; x_wconf 90' lang='lat' dir='ltr'>audi,</span> <span class='ocrx_word' id='word_1_100' title='bbox 720 1484 880 1564; x_wconf 91' lang='lat' dir='ltr'>quod</span> <span class='ocrx_word' id='word_1_101' title='bbox 905 1484 1067 1565; x_wconf 84' lang='lat' dir='ltr'>apud</span> <span class='ocrx_word' id='word_1_102' title='bbox 1097 1485 1441 1546; x_wconf 88' lang='lat' dir='ltr'>Ciceronem</span> <span class='ocrx_word' id='word_1_103' title='bbox 1461 1485 1522 1544; x_wconf 91' lang='lat' dir='ltr'>in</span> <span class='ocrx_word' id='word_1_104' title='bbox 1554 1485 1803 1547; x_wconf 85' lang='lat' dir='ltr'>Oratore</span> <span class='ocrx_word' id='word_1_105' title='bbox 1830 1485 2101 1546; x_wconf 87' lang='lat' dir='ltr'>Perfecto</span> <span class='ocrx_word' id='word_1_106' title='bbox 2126 1484 2403 1563; x_wconf 87' lang='lat' dir='ltr'>scriptum</span> <span class='ocrx_word' id='word_1_107' title='bbox 2424 1492 2555 1544; x_wconf 87' lang='lat' dir='ltr'>est:</span> <span class='ocrx_word' id='word_1_108' title='bbox 2597 1487 2615 1515; x_wconf 80' lang='lat'><strong><em>⁴</em></strong></span> <span class='ocrx_word' id='word_1_109' title='bbox 2638 1481 2724 1540; x_wconf 91' lang='lat' dir='ltr'>At</span> 
     </span>
     <span class='ocr_line' id='line_1_13' title="bbox 534 1575 2722 1664; baseline -0.003 -24"><span class='ocrx_word' id='word_1_110' title='bbox 534 1580 907 1642; x_wconf 88' lang='lat' dir='ltr'>Comicorum</span> <span class='ocrx_word' id='word_1_111' title='bbox 931 1581 1159 1642; x_wconf 87' lang='lat' dir='ltr'>Senarii</span> <span class='ocrx_word' id='word_1_112' title='bbox 1179 1590 1415 1664; x_wconf 88' lang='lat' dir='ltr'>propter</span> <span class='ocrx_word' id='word_1_113' title='bbox 1437 1581 1876 1643; x_wconf 88' lang='lat' dir='ltr'>similitudinem</span> <span class='ocrx_word' id='word_1_114' title='bbox 1895 1582 2202 1654; x_wconf 77' lang='lat' dir='ltr'>sermoniS,</span> <span class='ocrx_word' id='word_1_115' title='bbox 2224 1578 2411 1659; x_wconf 90' lang='lat' dir='ltr'>(quod</span> <span class='ocrx_word' id='word_1_116' title='bbox 2427 1597 2537 1638; x_wconf 90' lang='lat' dir='ltr'>nos</span> <span class='ocrx_word' id='word_1_117' title='bbox 2562 1575 2722 1636; x_wconf 84' lang='lat' dir='ltr'>Galli</span> 
     </span>
     <span class='ocr_line' id='line_1_14' title="bbox 530 1672 2724 1758; baseline -0.002 -21"><span class='ocrx_word' id='word_1_118' title='bbox 530 1677 713 1757; x_wconf 83' lang='lat' dir='ltr'>vulgo</span> <span class='ocrx_word' id='word_1_119' title='bbox 739 1698 1020 1740; x_wconf 84' lang='lat' dir='ltr'>vocamus</span> <span class='ocrx_word' id='word_1_120' title='bbox 1041 1682 1444 1741; x_wconf 72' lang='lat' dir='ltr'>conversation</span> <span class='ocrx_word' id='word_1_121' title='bbox 1470 1688 1532 1741; x_wconf 91' lang='lat' dir='ltr'>et</span> <span class='ocrx_word' id='word_1_122' title='bbox 1557 1681 1895 1755; x_wconf 64' lang='lat' dir='ltr'>eutr-etiem)</span> <span class='ocrx_word' id='word_1_123' title='bbox 1921 1679 2006 1740; x_wconf 91' lang='lat' dir='ltr'>sic</span> <span class='ocrx_word' id='word_1_124' title='bbox 2024 1697 2185 1758; x_wconf 79' lang='lat' dir='ltr'>saepe</span> <span class='ocrx_word' id='word_1_125' title='bbox 2212 1684 2353 1736; x_wconf 87' lang='lat' dir='ltr'>sunt</span> <span class='ocrx_word' id='word_1_126' title='bbox 2372 1673 2603 1754; x_wconf 88' lang='lat' dir='ltr'>abjecti,</span> <span class='ocrx_word' id='word_1_127' title='bbox 2634 1672 2724 1753; x_wconf 91' lang='lat' dir='ltr'>[id</span> 
     </span>
     <span class='ocr_line' id='line_1_15' title="bbox 533 1769 2727 1859; baseline -0.002 -25"><span class='ocrx_word' id='word_1_128' title='bbox 533 1785 645 1847; x_wconf 90' lang='lat' dir='ltr'>est,</span> <span class='ocrx_word' id='word_1_129' title='bbox 672 1775 929 1855; x_wconf 85' lang='lat' dir='ltr'>neglecti</span> <span class='ocrx_word' id='word_1_130' title='bbox 961 1785 1022 1837; x_wconf 93' lang='lat' dir='ltr'>et</span> <span class='ocrx_word' id='word_1_131' title='bbox 1056 1775 1392 1859; x_wconf 85' lang='lat' dir='ltr'>populares,</span> <span class='ocrx_word' id='word_1_132' title='bbox 1440 1784 1521 1847; x_wconf 92' lang='lat' dir='ltr'>et,</span> <span class='ocrx_word' id='word_1_133' title='bbox 1560 1784 1628 1834; x_wconf 92' lang='lat' dir='ltr'>ut</span> <span class='ocrx_word' id='word_1_134' title='bbox 1671 1773 1867 1835; x_wconf 74' lang='lat' dir='ltr'>Graeci</span> <span class='ocrx_word' id='word_1_135' title='bbox 1913 1785 2147 1846; x_wconf 88' lang='lat' dir='ltr'>vocant,</span> <span class='ocrx_word' id='word_1_136' title='bbox 2194 1769 2727 1847; x_wconf 81' lang='grc' dir='ltr'><strong>ΛΟΓΟΕΙΔΕΙΣ,]</strong></span> 
     </span>
     <span class='ocr_line' id='line_1_16' title="bbox 532 1866 2726 1952; baseline -0.001 -23"><span class='ocrx_word' id='word_1_137' title='bbox 532 1879 600 1930; x_wconf 90' lang='lat' dir='ltr'>ut</span> <span class='ocrx_word' id='word_1_138' title='bbox 624 1891 1052 1952; x_wconf 87' lang='lat' dir='ltr'>nonnunquam</span> <span class='ocrx_word' id='word_1_139' title='bbox 1096 1874 1194 1934; x_wconf 85' lang='lat' dir='ltr'>vix</span> <span class='ocrx_word' id='word_1_140' title='bbox 1233 1874 1293 1932; x_wconf 89' lang='lat' dir='ltr'>in</span> <span class='ocrx_word' id='word_1_141' title='bbox 1338 1871 1434 1932; x_wconf 89' lang='lat' dir='ltr'>his</span> <span class='ocrx_word' id='word_1_142' title='bbox 1462 1890 1741 1933; x_wconf 88' lang='lat' dir='ltr'>numerus</span> <span class='ocrx_word' id='word_1_143' title='bbox 1779 1871 1867 1951; x_wconf 95' lang='lat' dir='ltr'>[id</span> <span class='ocrx_word' id='word_1_144' title='bbox 1895 1880 2007 1945; x_wconf 92' lang='lat' dir='ltr'>est,</span> <span class='ocrx_word' id='word_1_145' title='bbox 2047 1869 2373 1951; x_wconf 83' lang='lat' dir='ltr'>rhythmus,</span> <span class='ocrx_word' id='word_1_146' title='bbox 2409 1876 2477 1927; x_wconf 93' lang='lat' dir='ltr'>ut</span> <span class='ocrx_word' id='word_1_147' title='bbox 2513 1866 2726 1927; x_wconf 82' lang='lat' dir='ltr'>Graece</span> 
     </span>
     <span class='ocr_line' id='line_1_17' title="bbox 533 1962 2723 2050; baseline -0.002 -23"><span class='ocrx_word' id='word_1_148' title='bbox 533 1966 769 2047; x_wconf 86' lang='lat' dir='ltr'>dicitur]</span> <span class='ocrx_word' id='word_1_149' title='bbox 790 1979 871 2031; x_wconf 47' lang='lat' dir='ltr'>‘et</span> <span class='ocrx_word' id='word_1_150' title='bbox 894 1990 1101 2032; x_wconf 80' lang='lat' dir='ltr'>versus</span> <span class='ocrx_word' id='word_1_151' title='bbox 1148 1970 1234 2050; x_wconf 91' lang='lat' dir='ltr'>[id</span> <span class='ocrx_word' id='word_1_152' title='bbox 1263 1979 1375 2043; x_wconf 87' lang='lat' dir='ltr'>est,</span> <span class='ocrx_word' id='word_1_153' title='bbox 1405 1969 1721 2047; x_wconf 89' lang='lat' dir='ltr'>dimensio]</span> <span class='ocrx_word' id='word_1_154' title='bbox 1773 1967 1977 2029; x_wconf 86' lang='lat' dir='ltr'>sentiri</span> <span class='ocrx_word' id='word_1_155' title='bbox 2027 1964 2257 2045; x_wconf 64' lang='lat' dir='ltr'>possit!</span> <span class='ocrx_word' id='word_1_156' title='bbox 2337 1962 2521 2024; x_wconf 90' lang='lat' dir='ltr'>Vides</span> <span class='ocrx_word' id='word_1_157' title='bbox 2553 1963 2723 2024; x_wconf 91' lang='lat' dir='ltr'>Cice·</span> 
     </span>
     <span class='ocr_line' id='line_1_18' title="bbox 532 2059 2722 2148; baseline -0.002 -24"><span class='ocrx_word' id='word_1_158' title='bbox 532 2082 734 2125; x_wconf 88' lang='lat' dir='ltr'>ronem</span> <span class='ocrx_word' id='word_1_159' title='bbox 778 2068 971 2148; x_wconf 90' lang='lat' dir='ltr'>ipsum</span> <span class='ocrx_word' id='word_1_160' title='bbox 1024 2068 1212 2140; x_wconf 81' lang='lat' dir='ltr'>fateri,</span> <span class='ocrx_word' id='word_1_161' title='bbox 1261 2087 1396 2146; x_wconf 78' lang='lat' dir='ltr'>quse</span> <span class='ocrx_word' id='word_1_162' title='bbox 1445 2067 1664 2127; x_wconf 84' lang='lat' dir='ltr'>fatetur</span> <span class='ocrx_word' id='word_1_163' title='bbox 1710 2064 1785 2126; x_wconf 92' lang='lat' dir='ltr'>de</span> <span class='ocrx_word' id='word_1_164' title='bbox 1841 2064 2224 2136; x_wconf 86' lang='lat' dir='ltr'>dimensione,</span> <span class='ocrx_word' id='word_1_165' title='bbox 2277 2061 2352 2121; x_wconf 91' lang='lat' dir='ltr'>de</span> <span class='ocrx_word' id='word_1_166' title='bbox 2405 2059 2722 2139; x_wconf 76' lang='lat' dir='ltr'>rhythm03</span> 
     </span>
     <span class='ocr_line' id='line_1_19' title="bbox 532 2158 2721 2246; baseline -0.002 -23"><span class='ocrx_word' id='word_1_167' title='bbox 532 2173 866 2245; x_wconf 90' lang='lat' dir='ltr'>utrumque,</span> <span class='ocrx_word' id='word_1_168' title='bbox 897 2167 1141 2240; x_wconf 90' lang='lat' dir='ltr'>scilicet,</span> <span class='ocrx_word' id='word_1_169' title='bbox 1171 2166 1267 2226; x_wconf 83' lang='lat' dir='ltr'>vix</span> <span class='ocrx_word' id='word_1_170' title='bbox 1294 2165 1499 2226; x_wconf 82' lang='lat' dir='ltr'>senti‘ri</span> <span class='ocrx_word' id='word_1_171' title='bbox 1525 2183 1728 2246; x_wconf 88' lang='lat' dir='ltr'>posse.</span> <span class='ocrx_word' id='word_1_172' title='bbox 1797 2163 1957 2233; x_wconf 86' lang='lat' dir='ltr'>Quid</span> <span class='ocrx_word' id='word_1_173' title='bbox 1982 2182 2093 2223; x_wconf 94' lang='lat' dir='ltr'>nos</span> <span class='ocrx_word' id='word_1_174' title='bbox 2119 2161 2399 2222; x_wconf 90' lang='lat' dir='ltr'>barbaros</span> <span class='ocrx_word' id='word_1_175' title='bbox 2426 2158 2721 2232; x_wconf 88' lang='lat' dir='ltr'>homines,</span> 
     </span>
     <span class='ocr_line' id='line_1_20' title="bbox 534 2254 2723 2338; baseline -0.001 -20"><span class='ocrx_word' id='word_1_176' title='bbox 534 2268 595 2318; x_wconf 95' lang='lat' dir='ltr'>et</span> <span class='ocrx_word' id='word_1_177' title='bbox 622 2280 660 2319; x_wconf 85' lang='lat' dir='ltr'>a</span> <span class='ocrx_word' id='word_1_178' title='bbox 684 2261 965 2323; x_wconf 81' lang='lat' dir='ltr'>felicitate</span> <span class='ocrx_word' id='word_1_179' title='bbox 1009 2281 1079 2323; x_wconf 88' lang='lat' dir='ltr'>ac</span> <span class='ocrx_word' id='word_1_180' title='bbox 1121 2262 1393 2325; x_wconf 86' lang='lat' dir='ltr'>doctrina</span> <span class='ocrx_word' id='word_1_181' title='bbox 1438 2262 1599 2322; x_wconf 91' lang='lat' dir='ltr'>illius</span> <span class='ocrx_word' id='word_1_182' title='bbox 1631 2261 1833 2322; x_wconf 82' lang='lat' dir='ltr'>saeculi</span> <span class='ocrx_word' id='word_1_183' title='bbox 1862 2270 1984 2321; x_wconf 90' lang='lat' dir='ltr'>tam</span> <span class='ocrx_word' id='word_1_184' title='bbox 2024 2278 2241 2338; x_wconf 86' lang='lat' dir='ltr'>magna</span> <span class='ocrx_word' id='word_1_185' title='bbox 2284 2254 2723 2336; x_wconf 85' lang='lat' dir='ltr'>intercapedine</span> 
     </span>
     <span class='ocr_line' id='line_1_21' title="bbox 537 2353 2727 2437; baseline -0.002 -23"><span class='ocrx_word' id='word_1_186' title='bbox 537 2354 802 2428; x_wconf 89' lang='lat' dir='ltr'>dissitos,</span> <span class='ocrx_word' id='word_1_187' title='bbox 820 2357 1093 2437; x_wconf 89' lang='lat' dir='ltr'>judicare</span> <span class='ocrx_word' id='word_1_188' title='bbox 1122 2356 1380 2418; x_wconf 75' lang='lat' dir='ltr'>deceat?</span> <span class='ocrx_word' id='word_1_189' title='bbox 1437 2358 1579 2431; x_wconf 91' lang='lat' dir='ltr'>Sed,</span> <span class='ocrx_word' id='word_1_190' title='bbox 1628 2356 1790 2436; x_wconf 91' lang='lat' dir='ltr'>quod</span> <span class='ocrx_word' id='word_1_191' title='bbox 1830 2356 2057 2430; x_wconf 87' lang='lat' dir='ltr'>mirere,</span> <span class='ocrx_word' id='word_1_192' title='bbox 2086 2355 2161 2416; x_wconf 87' lang='lat' dir='ltr'>de</span> <span class='ocrx_word' id='word_1_193' title='bbox 2208 2353 2450 2415; x_wconf 88' lang='lat' dir='ltr'>senariis</span> <span class='ocrx_word' id='word_1_194' title='bbox 2496 2360 2727 2421; x_wconf 80' lang='lat' dir='ltr'>tantum</span> 
     </span>
     <span class='ocr_line' id='line_1_22' title="bbox 532 2447 2726 2532; baseline -0.002 -22"><span class='ocrx_word' id='word_1_195' title='bbox 532 2450 788 2531; x_wconf 89' lang='lat' dir='ltr'>loquitur</span> <span class='ocrx_word' id='word_1_196' title='bbox 818 2453 1043 2515; x_wconf 90' lang='lat' dir='ltr'>Cicero.</span> <span class='ocrx_word' id='word_1_197' title='bbox 1128 2454 1311 2527; x_wconf 87' lang='lat' dir='ltr'>Quid,</span> <span class='ocrx_word' id='word_1_198' title='bbox 1340 2456 1389 2515; x_wconf 89' lang='lat' dir='ltr'>si</span> <span class='ocrx_word' id='word_1_199' title='bbox 1416 2454 1492 2515; x_wconf 93' lang='lat' dir='ltr'>de</span> <span class='ocrx_word' id='word_1_200' title='bbox 1536 2454 1872 2530; x_wconf 85' lang='lat' dir='ltr'>trochaicis,</span> <span class='ocrx_word' id='word_1_201' title='bbox 1915 2453 1991 2515; x_wconf 89' lang='lat' dir='ltr'>de</span> <span class='ocrx_word' id='word_1_202' title='bbox 2020 2447 2437 2532; x_wconf 72' lang='lat' dir='ltr'>anapaesticis?</span> <span class='ocrx_word' id='word_1_203' title='bbox 2474 2447 2566 2510; x_wconf 70' lang='lat' dir='ltr'>‚de</span> <span class='ocrx_word' id='word_1_204' title='bbox 2595 2448 2726 2508; x_wconf 88' lang='lat' dir='ltr'>uni-</span> 
     </span>
     <span class='ocr_line' id='line_1_23' title="bbox 534 2547 2726 2630; baseline -0.002 -21"><span class='ocrx_word' id='word_1_205' title='bbox 534 2567 706 2609; x_wconf 73' lang='lat' dir='ltr'>verso</span> <span class='ocrx_word' id='word_1_206' title='bbox 757 2569 971 2629; x_wconf 83' lang='lat' dir='ltr'>genere</span> <span class='ocrx_word' id='word_1_207' title='bbox 1012 2549 1438 2611; x_wconf 70' lang='lat' dir='ltr'>iambicorum?</span> <span class='ocrx_word' id='word_1_208' title='bbox 1479 2550 1627 2630; x_wconf 90' lang='lat' dir='ltr'>quid</span> <span class='ocrx_word' id='word_1_209' title='bbox 1677 2550 1728 2611; x_wconf 92' lang='lat' dir='ltr'>si</span> <span class='ocrx_word' id='word_1_210' title='bbox 1777 2550 1852 2612; x_wconf 91' lang='lat' dir='ltr'>de</span> <span class='ocrx_word' id='word_1_211' title='bbox 1894 2549 2182 2610; x_wconf 85' lang='lat' dir='ltr'>universis</span> <span class='ocrx_word' id='word_1_212' title='bbox 2233 2547 2726 2627; x_wconf 75' lang='lat' dir='ltr'>anapaesticorum</span> 
     </span>
     <span class='ocr_line' id='line_1_24' title="bbox 535 2642 2729 2729; baseline -0.001 -26"><span class='ocrx_word' id='word_1_213' title='bbox 535 2645 737 2707; x_wconf 86' lang='lat' dir='ltr'>formis</span> <span class='ocrx_word' id='word_1_214' title='bbox 786 2646 1080 2727; x_wconf 88' lang='lat' dir='ltr'>agendum</span> <span class='ocrx_word' id='word_1_215' title='bbox 1128 2647 1242 2729; x_wconf 86' lang='lat' dir='ltr'>ipsi</span> <span class='ocrx_word' id='word_1_216' title='bbox 1286 2647 1540 2709; x_wconf 68' lang='lat' dir='ltr'>suisset?</span> <span class='ocrx_word' id='word_1_217' title='bbox 1605 2648 1765 2717; x_wconf 88' lang='lat' dir='ltr'>Quid</span> <span class='ocrx_word' id='word_1_218' title='bbox 1811 2647 1888 2708; x_wconf 90' lang='lat' dir='ltr'>de</span> <span class='ocrx_word' id='word_1_219' title='bbox 1938 2645 2068 2705; x_wconf 84' lang='lat' dir='ltr'>aliis</span> <span class='ocrx_word' id='word_1_220' title='bbox 2110 2644 2444 2725; x_wconf 89' lang='lat' dir='ltr'>generibus,</span> <span class='ocrx_word' id='word_1_221' title='bbox 2491 2663 2627 2723; x_wconf 79' lang='lat' dir='ltr'>quae</span> <span class='ocrx_word' id='word_1_222' title='bbox 2669 2642 2729 2700; x_wconf 90' lang='lat' dir='ltr'>in</span> 
     </span>
     <span class='ocr_line' id='line_1_25' title="bbox 537 2739 2729 2818; baseline -0 -18"><span class='ocrx_word' id='word_1_223' title='bbox 537 2741 882 2804; x_wconf 82' lang='lat' dir='ltr'>Groecorum</span> <span class='ocrx_word' id='word_1_224' title='bbox 933 2745 1253 2806; x_wconf 81' lang='lat' dir='ltr'>Comoediis</span> <span class='ocrx_word' id='word_1_225' title='bbox 1302 2747 1599 2808; x_wconf 84' lang='lat' dir='ltr'>celebrata</span> <span class='ocrx_word' id='word_1_226' title='bbox 1649 2746 1790 2808; x_wconf 90' lang='lat' dir='ltr'>olim</span> <span class='ocrx_word' id='word_1_227' title='bbox 1838 2740 2123 2805; x_wconf 71' lang='lat' dir='ltr'>suerunt?</span> <span class='ocrx_word' id='word_1_228' title='bbox 2183 2742 2332 2801; x_wconf 91' lang='lat' dir='ltr'>Tum</span> <span class='ocrx_word' id='word_1_229' title='bbox 2360 2760 2497 2801; x_wconf 89' lang='lat' dir='ltr'>vero</span> <span class='ocrx_word' id='word_1_230' title='bbox 2535 2739 2729 2818; x_wconf 83' lang='lat' dir='ltr'>magis</span> 
     </span>
     <span class='ocr_line' id='line_1_26' title="bbox 536 2830 2364 2921; baseline 0.006 -25"><span class='ocrx_word' id='word_1_231' title='bbox 536 2836 800 2914; x_wconf 82' lang='lat' dir='ltr'>dixisset,</span> <span class='ocrx_word' id='word_1_232' title='bbox 836 2847 854 2875; x_wconf 90' lang='lat'>‘</span> <span class='ocrx_word' id='word_1_233' title='bbox 878 2841 974 2900; x_wconf 80' lang='lat' dir='ltr'>vix</span> <span class='ocrx_word' id='word_1_234' title='bbox 1004 2842 1206 2902; x_wconf 83' lang='lat' dir='ltr'>sentiri</span> <span class='ocrx_word' id='word_1_235' title='bbox 1231 2843 1530 2921; x_wconf 91' lang='lat' dir='ltr'>possunt.&#39;</span> <span class='ocrx_word' id='word_1_236' title='bbox 2355 2830 2364 2847; x_wconf 54' lang='lat'>⁸</span> 
     </span>
    </p>

    <p class='ocr_par' dir='ltr' id='par_1_5' title="bbox 544 2932 2734 3111">
     <span class='ocr_line' id='line_1_27' title="bbox 620 2932 2734 3017; baseline -0.001 -25"><span class='ocrx_word' id='word_1_237' title='bbox 620 2934 742 2994; x_wconf 92' lang='lat' dir='ltr'>Sed</span> <span class='ocrx_word' id='word_1_238' title='bbox 769 2934 847 2994; x_wconf 94' lang='lat' dir='ltr'>ad</span> <span class='ocrx_word' id='word_1_239' title='bbox 873 2955 997 2996; x_wconf 91' lang='lat' dir='ltr'>rem</span> <span class='ocrx_word' id='word_1_240' title='bbox 1024 2938 1214 2997; x_wconf 89' lang='lat' dir='ltr'>venio.</span> <span class='ocrx_word' id='word_1_241' title='bbox 1286 2937 1388 2997; x_wconf 91' lang='lat' dir='ltr'>Sic</span> <span class='ocrx_word' id='word_1_242' title='bbox 1413 2937 1782 3017; x_wconf 78' lang='lat' dir='ltr'>igitur‘docti</span> <span class='ocrx_word' id='word_1_243' title='bbox 1812 2936 2169 3008; x_wconf 83' lang='lat' dir='ltr'>existimant,</span> <span class='ocrx_word' id='word_1_244' title='bbox 2198 2932 2319 2992; x_wconf 90' lang='lat' dir='ltr'>duo</span> <span class='ocrx_word' id='word_1_245' title='bbox 2344 2939 2574 2991; x_wconf 87' lang='lat' dir='ltr'>tantum</span> <span class='ocrx_word' id='word_1_246' title='bbox 2601 2950 2734 2991; x_wconf 81' lang='lat' dir='ltr'>ver·</span> 
     </span>
     <span class='ocr_line' id='line_1_28' title="bbox 544 3025 2732 3111; baseline 0 -26"><span class='ocrx_word' id='word_1_247' title='bbox 544 3045 714 3086; x_wconf 85' lang='lat' dir='ltr'>suum</span> <span class='ocrx_word' id='word_1_248' title='bbox 743 3047 961 3107; x_wconf 87' lang='lat' dir='ltr'>genera</span> <span class='ocrx_word' id='word_1_249' title='bbox 990 3049 1122 3092; x_wconf 88' lang='lat' dir='ltr'>esse</span> <span class='ocrx_word' id='word_1_250' title='bbox 1146 3030 1308 3111; x_wconf 90' lang='lat' dir='ltr'>apud</span> <span class='ocrx_word' id='word_1_251' title='bbox 1335 3032 1694 3104; x_wconf 90' lang='lat' dir='ltr'>Terentium,</span> <span class='ocrx_word' id='word_1_252' title='bbox 1720 3031 2003 3093; x_wconf 90' lang='lat' dir='ltr'>iambicos</span> <span class='ocrx_word' id='word_1_253' title='bbox 2033 3041 2092 3092; x_wconf 92' lang='lat' dir='ltr'>et</span> <span class='ocrx_word' id='word_1_254' title='bbox 2120 3029 2474 3089; x_wconf 89' lang='lat' dir='ltr'>trochaicos.</span> <span class='ocrx_word' id='word_1_255' title='bbox 2520 3025 2591 3086; x_wconf 92' lang='lat' dir='ltr'>Id</span> <span class='ocrx_word' id='word_1_256' title='bbox 2617 3044 2732 3107; x_wconf 89' lang='lat' dir='ltr'>ego</span> 
     </span>
    </p>
   </div>
   <div class='ocr_carea' id='block_1_5' title="bbox 541 3121 2730 3284">
    <p class='ocr_par' dir='ltr' id='par_1_6' title="bbox 541 3121 2730 3284">
     <span class='ocr_line' id='line_1_29' title="bbox 541 3121 2730 3208; baseline 0.002 -29"><span class='ocrx_word' id='word_1_257' title='bbox 541 3121 597 3180; x_wconf 87' lang='lat' dir='ltr'>in</span> <span class='ocrx_word' id='word_1_258' title='bbox 630 3123 967 3183; x_wconf 85' lang='lat' dir='ltr'>universum</span> <span class='ocrx_word' id='word_1_259' title='bbox 999 3144 1130 3187; x_wconf 85' lang='lat' dir='ltr'>esse</span> <span class='ocrx_word' id='word_1_260' title='bbox 1160 3126 1536 3188; x_wconf 85' lang='lat' dir='ltr'>verissimum</span> <span class='ocrx_word' id='word_1_261' title='bbox 1563 3128 1706 3189; x_wconf 89' lang='lat' dir='ltr'>scio.</span> <span class='ocrx_word' id='word_1_262' title='bbox 1793 3126 1914 3189; x_wconf 90' lang='lat' dir='ltr'>Sed</span> <span class='ocrx_word' id='word_1_263' title='bbox 1942 3125 2085 3208; x_wconf 90' lang='lat' dir='ltr'>quid</span> <span class='ocrx_word' id='word_1_264' title='bbox 2119 3125 2197 3186; x_wconf 84' lang='lat' dir='ltr'>ad</span> <span class='ocrx_word' id='word_1_265' title='bbox 2223 3124 2335 3190; x_wconf 85' lang='lat' dir='ltr'>hos</span> <span class='ocrx_word' id='word_1_266' title='bbox 2362 3142 2565 3185; x_wconf 86' lang='lat' dir='ltr'>versus</span> <span class='ocrx_word' id='word_1_267' title='bbox 2592 3123 2730 3183; x_wconf 90' lang='lat' dir='ltr'>Act.</span> 
     </span>
     <span class='ocr_line' id='line_1_30' title="bbox 543 3218 1369 3284; baseline 0.008 -9"><span class='ocrx_word' id='word_1_268' title='bbox 543 3236 638 3278; x_wconf 79' lang='lat' dir='ltr'>xv.</span> <span class='ocrx_word' id='word_1_269' title='bbox 678 3218 921 3280; x_wconf 77' lang='lat' dir='ltr'>Andrioe</span> <span class='ocrx_word' id='word_1_270' title='bbox 949 3239 1035 3282; x_wconf 86' lang='lat' dir='ltr'>sc.</span> <span class='ocrx_word' id='word_1_271' title='bbox 1070 3224 1123 3282; x_wconf 89' lang='lat'>1.</span> <span class='ocrx_word' id='word_1_272' title='bbox 1153 3221 1317 3284; x_wconf 88' lang='lat' dir='ltr'>dicas</span> <span class='ocrx_word' id='word_1_273' title='bbox 1342 3224 1369 3282; x_wconf 65' lang='grc' dir='ltr'>ἲ</span> 
     </span>
    </p>
   </div>
   <div class='ocr_carea' id='block_1_6' title="bbox 703 3362 2252 3740">
    <p class='ocr_par' dir='ltr' id='par_1_7' title="bbox 703 3362 1950 3442">
     <span class='ocr_line' id='line_1_31' title="bbox 703 3362 1950 3442; baseline 0.006 -21"><span class='ocrx_word' id='word_1_274' title='bbox 703 3362 971 3425; x_wconf 88' lang='lat' dir='ltr'>Hoccine</span> <span class='ocrx_word' id='word_1_275' title='bbox 1001 3367 1278 3429; x_wconf 89' lang='lat' dir='ltr'>credibile</span> <span class='ocrx_word' id='word_1_276' title='bbox 1307 3379 1399 3429; x_wconf 83' lang='lat' dir='ltr'>est</span> <span class='ocrx_word' id='word_1_277' title='bbox 1428 3378 1533 3428; x_wconf 90' lang='lat' dir='ltr'>aut</span> <span class='ocrx_word' id='word_1_278' title='bbox 1557 3369 1950 3442; x_wconf 87' lang='lat' dir='ltr'>memorabile,</span> 
     </span>
    </p>

    <p class='ocr_par' dir='ltr' id='par_1_8' title="bbox 704 3458 1982 3543">
     <span class='ocr_line' id='line_1_32' title="bbox 704 3458 1982 3543; baseline 0.006 -27"><span class='ocrx_word' id='word_1_279' title='bbox 704 3458 898 3519; x_wconf 86' lang='lat' dir='ltr'>Tanta</span> <span class='ocrx_word' id='word_1_280' title='bbox 921 3462 1193 3523; x_wconf 86' lang='lat' dir='ltr'>vecordia</span> <span class='ocrx_word' id='word_1_281' title='bbox 1220 3464 1424 3523; x_wconf 86' lang='lat' dir='ltr'>innata</span> <span class='ocrx_word' id='word_1_282' title='bbox 1451 3464 1727 3543; x_wconf 88' lang='lat' dir='ltr'>cuiquam</span> <span class='ocrx_word' id='word_1_283' title='bbox 1755 3474 1823 3524; x_wconf 90' lang='lat' dir='ltr'>ut</span> <span class='ocrx_word' id='word_1_284' title='bbox 1850 3466 1982 3537; x_wconf 89' lang='lat' dir='ltr'>siet,</span> 
     </span>
    </p>

    <p class='ocr_par' dir='ltr' id='par_1_9' title="bbox 707 3553 2252 3740">
     <span class='ocr_line' id='line_1_33' title="bbox 707 3553 2252 3641; baseline 0.006 -29"><span class='ocrx_word' id='word_1_285' title='bbox 707 3553 790 3615; x_wconf 87' lang='lat' dir='ltr'>Ut</span> <span class='ocrx_word' id='word_1_286' title='bbox 816 3556 988 3620; x_wconf 89' lang='lat' dir='ltr'>malis</span> <span class='ocrx_word' id='word_1_287' title='bbox 1019 3560 1277 3640; x_wconf 83' lang='lat' dir='ltr'>gaudeat</span> <span class='ocrx_word' id='word_1_288' title='bbox 1303 3562 1534 3635; x_wconf 77' lang='lat' dir='ltr'>alieniS,</span> <span class='ocrx_word' id='word_1_289' title='bbox 1560 3571 1737 3641; x_wconf 89' lang='lat' dir='ltr'>atque</span> <span class='ocrx_word' id='word_1_290' title='bbox 1766 3582 1839 3621; x_wconf 88' lang='lat' dir='ltr'>ex</span> <span class='ocrx_word' id='word_1_291' title='bbox 1868 3561 2252 3621; x_wconf 87' lang='lat' dir='ltr'>incommodis</span> 
     </span>
     <span class='ocr_line' id='line_1_34' title="bbox 707 3652 2042 3740; baseline 0.004 -29"><span class='ocrx_word' id='word_1_292' title='bbox 707 3652 967 3716; x_wconf 88' lang='lat' dir='ltr'>Alterius</span> <span class='ocrx_word' id='word_1_293' title='bbox 992 3676 1100 3717; x_wconf 89' lang='lat' dir='ltr'>sua</span> <span class='ocrx_word' id='word_1_294' title='bbox 1125 3667 1193 3717; x_wconf 90' lang='lat' dir='ltr'>ut</span> <span class='ocrx_word' id='word_1_295' title='bbox 1219 3667 1518 3740; x_wconf 88' lang='lat' dir='ltr'>comparet</span> <span class='ocrx_word' id='word_1_296' title='bbox 1545 3658 1890 3720; x_wconf 80' lang='lat' dir='ltr'>commoda!</span> <span class='ocrx_word' id='word_1_297' title='bbox 1933 3657 2042 3717; x_wconf 86' lang='lat' dir='ltr'>ah!</span> 
     </span>
    </p>
   </div>
   <div class='ocr_carea' id='block_1_7' title="bbox 552 3807 2732 4277">
    <p class='ocr_par' dir='ltr' id='par_1_10' title="bbox 552 3807 2732 4277">
     <span class='ocr_line' id='line_1_35' title="bbox 627 3807 2732 3894; baseline 0 -26"><span class='ocrx_word' id='word_1_298' title='bbox 627 3807 718 3868; x_wconf 90' lang='lat' dir='ltr'>Ibi</span> <span class='ocrx_word' id='word_1_299' title='bbox 741 3810 887 3869; x_wconf 86' lang='lat' dir='ltr'>nihil</span> <span class='ocrx_word' id='word_1_300' title='bbox 917 3810 1201 3885; x_wconf 65' lang='lat' dir='ltr'>Faernus,</span> <span class='ocrx_word' id='word_1_301' title='bbox 1240 3812 1328 3871; x_wconf 79' lang='lat' dir='ltr'>vir</span> <span class='ocrx_word' id='word_1_302' title='bbox 1372 3815 1433 3872; x_wconf 90' lang='lat' dir='ltr'>in</span> <span class='ocrx_word' id='word_1_303' title='bbox 1476 3814 1594 3873; x_wconf 92' lang='lat' dir='ltr'>isto</span> <span class='ocrx_word' id='word_1_304' title='bbox 1629 3834 1841 3894; x_wconf 85' lang='lat' dir='ltr'>genere</span> <span class='ocrx_word' id='word_1_305' title='bbox 1878 3810 2380 3894; x_wconf 81' lang='lat' dir='ltr'>diligentissimus.</span> <span class='ocrx_word' id='word_1_306' title='bbox 2464 3809 2732 3869; x_wconf 86' lang='lat' dir='ltr'>Muretus</span> 
     </span>
     <span class='ocr_line' id='line_1_36' title="bbox 552 3905 2731 3988; baseline 0.001 -25"><span class='ocrx_word' id='word_1_307' title='bbox 552 3916 746 3964; x_wconf 89' lang='lat' dir='ltr'>autem</span> <span class='ocrx_word' id='word_1_308' title='bbox 794 3905 948 3964; x_wconf 85' lang='lat' dir='ltr'>ultro</span> <span class='ocrx_word' id='word_1_309' title='bbox 991 3906 1230 3981; x_wconf 75' lang='lat' dir='ltr'>fatetur,</span> <span class='ocrx_word' id='word_1_310' title='bbox 1276 3907 1484 3968; x_wconf 90' lang='lat' dir='ltr'>horum</span> <span class='ocrx_word' id='word_1_311' title='bbox 1528 3920 1781 3988; x_wconf 88' lang='lat' dir='ltr'>quatuor</span> <span class='ocrx_word' id='word_1_312' title='bbox 1807 3928 2078 3969; x_wconf 84' lang='lat' dir='ltr'>versuum</span> <span class='ocrx_word' id='word_1_313' title='bbox 2125 3907 2411 3968; x_wconf 90' lang='lat' dir='ltr'>rationem</span> <span class='ocrx_word' id='word_1_314' title='bbox 2440 3905 2731 3986; x_wconf 85' lang='lat' dir='ltr'>explicare</span> 
     </span>
     <span class='ocr_line' id='line_1_37' title="bbox 555 3999 2731 4084; baseline 0 -26"><span class='ocrx_word' id='word_1_315' title='bbox 555 3999 790 4059; x_wconf 90' lang='lat' dir='ltr'>difficile</span> <span class='ocrx_word' id='word_1_316' title='bbox 813 4018 966 4061; x_wconf 87' lang='lat' dir='ltr'>esse.</span> <span class='ocrx_word' id='word_1_317' title='bbox 1053 4002 1188 4062; x_wconf 89' lang='lat' dir='ltr'>Scio</span> <span class='ocrx_word' id='word_1_318' title='bbox 1215 4002 1361 4082; x_wconf 92' lang='lat' dir='ltr'>quid</span> <span class='ocrx_word' id='word_1_319' title='bbox 1390 4003 1733 4078; x_wconf 81' lang='lat' dir='ltr'>Goveanus‚</span> <span class='ocrx_word' id='word_1_320' title='bbox 1760 4004 1906 4084; x_wconf 89' lang='lat' dir='ltr'>quid</span> <span class='ocrx_word' id='word_1_321' title='bbox 1955 4005 2238 4083; x_wconf 85' lang='lat' dir='ltr'>Scaliger,</span> <span class='ocrx_word' id='word_1_322' title='bbox 2265 4001 2409 4083; x_wconf 91' lang='lat' dir='ltr'>quid</span> <span class='ocrx_word' id='word_1_323' title='bbox 2452 4000 2731 4062; x_wconf 83' lang='lat' dir='ltr'>Erasmus</span> 
     </span>
     <span class='ocr_line' id='line_1_38' title="bbox 555 4093 2731 4175; baseline 0.002 -24"><span class='ocrx_word' id='word_1_324' title='bbox 555 4093 808 4154; x_wconf 81' lang='lat' dir='ltr'>dixerint</span> <span class='ocrx_word' id='word_1_325' title='bbox 828 4094 907 4154; x_wconf 91' lang='lat' dir='ltr'>ad</span> <span class='ocrx_word' id='word_1_326' title='bbox 933 4094 1093 4158; x_wconf 89' lang='lat' dir='ltr'>hunc</span> <span class='ocrx_word' id='word_1_327' title='bbox 1120 4118 1372 4160; x_wconf 86' lang='lat' dir='ltr'>versum.</span> <span class='ocrx_word' id='word_1_328' title='bbox 1444 4101 1526 4160; x_wconf 89' lang='lat' dir='ltr'>At</span> <span class='ocrx_word' id='word_1_329' title='bbox 1553 4120 1671 4161; x_wconf 90' lang='lat' dir='ltr'>non</span> <span class='ocrx_word' id='word_1_330' title='bbox 1701 4112 1794 4162; x_wconf 91' lang='lat' dir='ltr'>est</span> <span class='ocrx_word' id='word_1_331' title='bbox 1820 4102 2104 4175; x_wconf 86' lang='lat' dir='ltr'>senarius,</span> <span class='ocrx_word' id='word_1_332' title='bbox 2144 4105 2256 4160; x_wconf 76' lang='grc' dir='ltr'>διο.</span> <span class='ocrx_word' id='word_1_333' title='bbox 2300 4098 2563 4158; x_wconf 85' lang='lat' dir='ltr'>Arbitror</span> <span class='ocrx_word' id='word_1_334' title='bbox 2599 4116 2731 4157; x_wconf 87' lang='lat' dir='ltr'>esse</span> 
     </span>
     <span class='ocr_line' id='line_1_39' title="bbox 561 4187 2729 4277; baseline 0.001 -29"><span class='ocrx_word' id='word_1_335' title='bbox 561 4187 931 4269; x_wconf 81' lang='lat' dir='ltr'>Dactylicum</span> <span class='ocrx_word' id='word_1_336' title='bbox 957 4195 1393 4272; x_wconf 84' lang='lat' dir='ltr'>quaternarium</span> <span class='ocrx_word' id='word_1_337' title='bbox 1420 4198 1780 4277; x_wconf 83' lang='lat' dir='ltr'>perfectum;</span> <span class='ocrx_word' id='word_1_338' title='bbox 1823 4209 1885 4261; x_wconf 88' lang='lat' dir='ltr'>et</span> <span class='ocrx_word' id='word_1_339' title='bbox 1925 4198 2060 4260; x_wconf 81' lang='lat' dir='ltr'>talis</span> <span class='ocrx_word' id='word_1_340' title='bbox 2087 4195 2423 4261; x_wconf 85' lang='lat' dir='ltr'>necessario</span> <span class='ocrx_word' id='word_1_341' title='bbox 2462 4193 2653 4268; x_wconf 84' lang='lat' dir='ltr'>fuerit,</span> <span class='ocrx_word' id='word_1_342' title='bbox 2681 4191 2729 4252; x_wconf 87' lang='lat' dir='ltr'>si</span> 
     </span>
    </p>
   </div>
  </div>
 </body>
</html>
