3050 4942
547 351 676 418 100
994 359 1376 413 nA-Nmms-
1402 359 1696 411 nnmsu
1745 360 2273 414 nisssnu‘rro.

551 511 674 588 Cui,
691 508 859 585 illud,
887 507 1303 589 quamvisnon
1331 505 1392 566 in
1415 505 1592 567 simili
1610 506 1857 570 omnino
1886 526 2121 587 genere,
2149 507 2441 590 adjungas
2460 508 2631 572 licet:

710 642 866 701 Nam
894 638 1100 699 mulier
1126 638 1316 699 olitori
1344 658 1647 718 nunquam
1679 639 1991 720 supplicat,
2019 638 2069 697 si
2099 658 2216 717 qua
2244 648 2337 698 est
2365 639 2554 699 mala:

710 737 888 798 Domi
916 738 1096 798 habet
1121 736 1354 797 hortum
1382 747 1444 797 et
1470 737 1847 798 condimenta
1874 736 1951 795 ad
1974 756 2177 796 omnes
2205 754 2396 796 mores
2411 736 2733 796 maleficos.

551 867 841 928 Rhetores
889 867 1207 947 θυμελικὸν,
1258 867 1381 928 sive
1429 867 1736 937 theatrale,
1784 874 2078 927 vocarent.
2188 864 2527 926 Ridiculum
2576 864 2733 924 enim

547 965 748 1045 potius
775 982 952 1045 quam
977 964 1250 1023 festivum
1273 972 1400 1024 est:
1464 974 1546 1037 et,
1584 975 1651 1024 ut
1694 964 1772 1024 sit
1797 963 2093 1037 festivum,
2138 981 2334 1037 nemo,
2360 981 2495 1022 vere
2529 961 2590 1020 in
2640 960 2732 1020 his

550 1062 855 1134 subactus,
892 1058 1104 1120 dixerit
1145 1069 1458 1121 venustum
1494 1082 1668 1122 esse:
1712 1063 1786 1122 ab
1835 1082 1947 1122 usu
1990 1061 2140 1123 enim
2167 1079 2345 1140 quam
2387 1057 2735 1140 longissime

548 1167 839 1218 remotum
879 1166 991 1216 est.
1071 1156 1206 1216 Jam
1233 1177 1416 1236 vem„
1443 1178 1578 1218 cum
1624 1157 1684 1218 in
1712 1159 1901 1220 verbis
1946 1158 2224 1239 frigidum
2267 1167 2370 1219 aut
2413 1159 2473 1218 in
2520 1157 2730 1225 rebus;

553 1253 628 1314 de
676 1252 867 1314 verbis
909 1253 1278 1326 Aristotelea,
1329 1254 1404 1313 de
1450 1256 1625 1314 rebus
1667 1254 1765 1314 alii
1812 1266 2078 1335 egerunt.
2183 1253 2487 1335 Frigidum
2536 1263 2734 1313 autem

539 1352 667 1431 jam
696 1369 993 1423 vocamus,
1021 1369 1139 1409 non
1161 1351 1680 1431 magniloquentiae
1706 1352 1957 1413 vicinum
1977 1350 2123 1412 illud
2139 1351 2342 1411 vitium
2367 1354 2734 1432 (quanquam

548 1447 698 1510 illud
725 1466 962 1527 quoque
1005 1447 1220 1507 habere
1247 1447 1344 1507 hic
1372 1449 1566 1509 locum
1596 1450 1816 1528 potest)
1855 1448 2016 1527 quod
2050 1448 2352 1510 discedere
2380 1451 2454 1510 ab
2495 1448 2734 1509 urbani-

554 1557 675 1607 tate
702 1545 932 1605 dicitur.
1018 1543 1215 1617 Quod,
1244 1553 1312 1605 ut
1358 1541 1626 1605 nonnihil
1655 1563 1692 1603 a
1721 1544 1955 1605 dicendi
1981 1544 2078 1604 hic
2108 1545 2403 1626 magistris
2432 1546 2732 1613 abeamus,

551 1642 743 1703 modis
770 1643 839 1701 fit
860 1641 1142 1721 pluribus.
1226 1639 1338 1701 Vel
1385 1640 1446 1699 in
1485 1639 1702 1719 frigida
1747 1638 2150 1701 translatione.
2236 1641 2318 1702 Ut
2358 1659 2494 1701 cum
2523 1641 2731 1702 dentes

551 1739 798 1802 calceati
826 1737 1119 1799 dicuntur.
1184 1737 1360 1818 Capt.

714 1868 867 1929 Cum
895 1867 1182 1930 calceatis·
1204 1867 1490 1930 dentibus·
1510 1871 1734 1930 veniam
1766 1878 1985 1932 tamen.

557 1999 635 2057 Et
660 2017 794 2058 cum
822 1997 1035 2072 victus,
1084 2004 1101 2033 ‘
1121 2000 1340 2061 senteis
1379 1999 1632 2076 esitare,'
1679 2010 1740 2063 et
1785 2008 1803 2036 ‘
1825 2018 2168 2081 scruposam
2194 1996 2349 2058 viam
2376 2015 2702 2059 commeare
2719 1996 2736 2022 '

558 2093 805 2155 dicitur:
847 2115 982 2173 quse
1016 2114 1159 2156 sane
1186 2096 1424 2178 frigent.
1507 2097 1621 2158 Vel
1663 2098 1723 2157 in
1752 2098 2005 2159 minimis
2040 2093 2442 2158 allusiunculis
2471 2103 2531 2155 et
2556 2095 2733 2175 longe

550 2189 770 2273 petitis.
855 2190 936 2251 Ut
962 2191 1243 2253 Poenulo:

711 2314 834 2378 Mr.
875 2315 1094 2392 Assum
1122 2317 1278 2399 apud
1306 2329 1365 2379 te
1394 2338 1620 2381 eccum.
1704 2323 1824 2383 Ao.
1865 2324 1947 2382 At
1965 2342 2078 2403 ego
2105 2322 2295 2386 elixus
2325 2320 2406 2384 sis
2435 2322 2589 2383 volo.

556 2415 631 2474 Et
660 2412 819 2494 quod
847 2413 932 2472 illi
960 2414 1184 2494 placuit
1210 2435 1328 2476 non
1360 2418 1542 2477 semel
1569 2439 1585 2478 ε

714 2510 913 2590 Magis
940 2511 1129 2573 calleo
1150 2532 1326 2592 quam
1355 2534 1685 2595 aprugnum
1712 2515 1928 2575 callum
1956 2513 2153 2578 callet.

554 2608 580 2666 I

584 2616 951 2765 ιθω’(3ει11ιιῐιι
980 2723 1309 2785 aprugnum
1338 2724 1507 2786 aeque
1535 2705 1749 2765 callere
1774 2724 1893 2766 non
1924 2704 2132 2768 sinam.

555 2801 651 2875 Et,
715 2898 957 2966 Quanta
984 2896 1196 2956 sumini
1224 2896 1573 2970 absumedO,
1600 2905 1822 2979 quanta
1849 2896 2003 2959 callo
2029 2897 2366 2963 calamitas!

557 2992 636 3051 Et
667 2991 904 3053 Curcul.

1035 3085 1234 3148 Facite
1261 3098 1500 3150 ventum
1527 3067 1603 3151 ut·
1622 3089 1932 3171 gaudeam.

715 3181 837 3242 ΡΗ.
901 3182 1180 3244 Maxime.
1266 3184 1387 3246 Cu,
1450 3187 1608 3255 Quid
1653 3187 1895 3248 facitis?
1952 3207 2176 3268 quoeso.
2275 3192 2397 3254 ΡΗ.
2456 3192 2736 3257 Ventum.

878 3278 999 3338 Cu,
1043 3279 1201 3340 Nolo
1229 3281 1500 3361 equidem
1527 3282 1668 3343 mibi

719 3371 869 3433 Fieri
896 3374 1222 3529 vengulum.
1306 3377 1429 3512 Pus:
1472 3378 1632 3447 Quid
1651 3381 1830 3462 igitur
1854 3385 1990 3446 vis?
2058 3387 2178 3447 Cu,
2221 3388 2392 3462 Esse,
2410 3397 2479 3450 ut
2498 3399 2740 3451 ventum

878 3490 995 3549 gau
1039 3491 1187 3533 eam.
2562 3503 2573 3510 ·

558 3596 724 3665 Quas
776 3616 909 3658 cum
951 3599 1336 3662 Grammatici
1382 3602 1595 3678 Latini,
1652 3606 1750 3686 qui
1797 3609 1971 3670 citius
2020 3609 2234 3670 coelum
2282 3610 2491 3691 digito,
2540 3620 2610 3672 ut
2658 3611 2743 3673 ita

556 3692 785 3771 loquar,
817 3708 1283 3776 expugnassent,
1327 3715 1507 3777 quam
1551 3709 1619 3760 ut
1661 3703 1961 3764 minimam
2011 3705 2241 3766 Horatii
2294 3708 2470 3770 Oden
2498 3729 2740 3790 expres·

560 3787 796 3864 sissent,
824 3790 1186 3874 Morologias
1227 3795 1287 3854 in
1316 3795 1532 3857 Plauto
1558 3797 1845 3869 dixerint;
1892 3801 2153 3863 nondum
2180 3802 2372 3877 video,
2397 3825 2582 3886 quare
2613 3808 2740 3868 Ho-

556 3884 728 3957 ratio,
779 3896 847 3945 ut
899 3908 1128 3951 summo
1176 3892 1546 3973 maximoque
1602 3895 1825 3969 Poe‘tae,
1882 3898 1967 3957 ita
2011 3897 2231 3960 Critico
2277 3900 2741 3982 incomparabili,

558 3999 731 4058 quem
771 3993 1008 4044 acutum
1056 3986 1412 4068 doctumque
1438 3991 1643 4052 Virum
1669 3993 1795 4073 ipse
1831 3995 1908 4054 D.
1939 3994 2334 4077 Hieronymus
2364 3997 2439 4058 ad
2467 3998 2741 4064 Pamma-

559 4074 755 4134 chium
782 4080 1033 4152 vocavit,
1060 4080 1217 4142 idem
1246 4103 1366 4143 non
1407 4083 1658 4147 licuerit.
1743 4089 1885 4169 Ejus
1936 4110 2101 4152 sane.
2126 4095 2356 4171 generis
2398 4106 2558 4171 sunt,
2586 4099 2740 4177 'quse

557 4169 619 4226 in
649 4170 1040 4253 Aristophane
1091 4189 1353 4255 accusat,
1399 4202 1655 4263 quaeque
1702 4186 1953 4249 trivialia
1998 4189 2218 4269 potius,
2262 4211 2445 4271 quam
2487 4204 2563 4254 ut
2581 4193 2736 4254 Viris
