<?xml version="1.0" encoding="UTF-8"?>
<!DOCTYPE html PUBLIC "-//W3C//DTD XHTML 1.0 Transitional//EN"
    "http://www.w3.org/TR/xhtml1/DTD/xhtml1-transitional.dtd">
<html xmlns="http://www.w3.org/1999/xhtml" xml:lang="en" lang="en">
 <head>
  <title>
</title>
<meta http-equiv="Content-Type" content="text/html;charset=utf-8" />
  <meta name='ocr-system' content='tesseract 3.04.00' />
  <meta name='ocr-capabilities' content='ocr_page ocr_carea ocr_par ocr_line ocrx_word'/>
</head>
<body>
  <div class='ocr_page' id='page_1' title='image "./comoedisex00unkngoog_0139.png"; bbox 0 0 3050 4942; ppageno 0'>
   <div class='ocr_carea' id='block_1_1' title="bbox 1082 379 2527 447">
    <p class='ocr_par' dir='ltr' id='par_1_1' title="bbox 1082 379 2527 447">
     <span class='ocr_line' id='line_1_1' title="bbox 1082 379 2527 447; baseline 0.003 -4"><span class='ocrx_word' id='word_1_1' title='bbox 1082 391 1276 445; x_wconf 74' lang='lat' dir='ltr'>mvn</span> <span class='ocrx_word' id='word_1_2' title='bbox 1325 393 1800 445; x_wconf 68' lang='lat' dir='ltr'>GAs&#39;l&#39;lGA&#39;rm.</span> <span class='ocrx_word' id='word_1_3' title='bbox 2396 379 2527 447; x_wconf 76' lang='lat'>129</span> 
     </span>
    </p>
   </div>
   <div class='ocr_carea' id='block_1_2' title="bbox 294 535 2572 4427">
    <p class='ocr_par' dir='ltr' id='par_1_2' title="bbox 332 535 2529 623">
     <span class='ocr_line' id='line_1_2' title="bbox 332 535 2529 623; baseline 0 -19"><span class='ocrx_word' id='word_1_4' title='bbox 332 561 468 604; x_wconf 86' lang='lat' dir='ltr'>care</span> <span class='ocrx_word' id='word_1_5' title='bbox 520 542 805 623; x_wconf 80' lang='lat' dir='ltr'>potuisse.</span> <span class='ocrx_word' id='word_1_6' title='bbox 889 535 968 599; x_wconf 90' lang='lat' dir='ltr'>Et</span> <span class='ocrx_word' id='word_1_7' title='bbox 996 540 1122 620; x_wconf 84' lang='lat' dir='ltr'>jam</span> <span class='ocrx_word' id='word_1_8' title='bbox 1168 557 1273 621; x_wconf 81' lang='lat' dir='ltr'>per</span> <span class='ocrx_word' id='word_1_9' title='bbox 1318 549 1505 600; x_wconf 84' lang='lat' dir='ltr'>totam</span> <span class='ocrx_word' id='word_1_10' title='bbox 1552 549 1734 621; x_wconf 70' lang='lat' dir='ltr'>&#39;prope</span> <span class='ocrx_word' id='word_1_11' title='bbox 1762 538 2136 602; x_wconf 71' lang='lat' dir='ltr'><strong>Germaniam</strong></span> <span class='ocrx_word' id='word_1_12' title='bbox 2165 540 2332 604; x_wconf 82' lang='lat' dir='ltr'>nulla</span> <span class='ocrx_word' id='word_1_13' title='bbox 2355 543 2529 605; x_wconf 82' lang='lat' dir='ltr'>facile</span> 
     </span>
    </p>

    <p class='ocr_par' dir='ltr' id='par_1_3' title="bbox 332 636 2530 722">
     <span class='ocr_line' id='line_1_3' title="bbox 332 636 2530 722; baseline 0 -21"><span class='ocrx_word' id='word_1_14' title='bbox 332 650 545 722; x_wconf 77' lang='lat' dir='ltr'>praeter</span> <span class='ocrx_word' id='word_1_15' title='bbox 570 636 831 718; x_wconf 88' lang='lat' dir='ltr'>Philippi</span> <span class='ocrx_word' id='word_1_16' title='bbox 857 637 1218 718; x_wconf 81' lang='lat' dir='ltr'>exemplaria</span> <span class='ocrx_word' id='word_1_17' title='bbox 1244 639 1668 718; x_wconf 80' lang='lat' dir='ltr'><strong>probabantur,</strong></span> <span class='ocrx_word' id='word_1_18' title='bbox 1699 650 1803 699; x_wconf 83' lang='lat' dir='ltr'>aut</span> <span class='ocrx_word' id='word_1_19' title='bbox 1822 640 2093 700; x_wconf 86' lang='lat' dir='ltr'>manibus</span> <span class='ocrx_word' id='word_1_20' title='bbox 2121 640 2404 701; x_wconf 73' lang='lat' dir='ltr'><strong>studiosae</strong></span> <span class='ocrx_word' id='word_1_21' title='bbox 2430 642 2530 721; x_wconf 86' lang='lat' dir='ltr'>ju·</span> 
     </span>
    </p>

    <p class='ocr_par' dir='ltr' id='par_1_4' title="bbox 332 735 2532 818">
     <span class='ocr_line' id='line_1_4' title="bbox 332 735 2532 818; baseline 0.002 -23"><span class='ocrx_word' id='word_1_22' title='bbox 332 737 590 797; x_wconf 78' lang='lat' dir='ltr'>venuitis</span> <span class='ocrx_word' id='word_1_23' title='bbox 622 737 978 797; x_wconf 86' lang='lat' dir='ltr'>terebantur.</span> <span class='ocrx_word' id='word_1_24' title='bbox 1051 736 1120 796; x_wconf 91' lang='lat' dir='ltr'>Id</span> <span class='ocrx_word' id='word_1_25' title='bbox 1151 735 1346 798; x_wconf 83' lang='lat' dir='ltr'>eximii</span> <span class='ocrx_word' id='word_1_26' title='bbox 1372 735 1479 798; x_wconf 81' lang='lat' dir='ltr'>viri</span> <span class='ocrx_word' id='word_1_27' title='bbox 1507 738 1826 797; x_wconf 85' lang='lat' dir='ltr'>auctoritas</span> <span class='ocrx_word' id='word_1_28' title='bbox 1856 736 2132 811; x_wconf 82' lang='lat' dir='ltr'>effecerit,</span> <span class='ocrx_word' id='word_1_29' title='bbox 2161 756 2235 797; x_wconf 87' lang='lat' dir='ltr'>an</span> <span class='ocrx_word' id='word_1_30' title='bbox 2265 738 2395 818; x_wconf 89' lang='lat' dir='ltr'>ipsa</span> <span class='ocrx_word' id='word_1_31' title='bbox 2437 757 2532 800; x_wconf 82' lang='lat' dir='ltr'>res</span> 
     </span>
    </p>

    <p class='ocr_par' dir='ltr' id='par_1_5' title="bbox 332 831 2532 914">
     <span class='ocr_line' id='line_1_5' title="bbox 332 831 2532 914; baseline 0 -21"><span class='ocrx_word' id='word_1_32' title='bbox 332 843 513 913; x_wconf 87' lang='lat' dir='ltr'>atque</span> <span class='ocrx_word' id='word_1_33' title='bbox 542 831 765 892; x_wconf 88' lang='lat' dir='ltr'>utilitas</span> <span class='ocrx_word' id='word_1_34' title='bbox 792 833 1123 906; x_wconf 79' lang='lat' dir='ltr'>extorserit,</span> <span class='ocrx_word' id='word_1_35' title='bbox 1145 831 1292 899; x_wconf 84' lang='lat' dir='ltr'>nihil</span> <span class='ocrx_word' id='word_1_36' title='bbox 1319 832 1514 893; x_wconf 82' lang='lat' dir='ltr'>habeo</span> <span class='ocrx_word' id='word_1_37' title='bbox 1543 832 1757 895; x_wconf 81' lang='lat' dir='ltr'><strong>dicere.</strong></span> <span class='ocrx_word' id='word_1_38' title='bbox 1841 835 1995 904; x_wconf 78' lang='lat' dir='ltr'>Quae</span> <span class='ocrx_word' id='word_1_39' title='bbox 2020 851 2130 894; x_wconf 87' lang='lat' dir='ltr'>nos</span> <span class='ocrx_word' id='word_1_40' title='bbox 2159 833 2400 914; x_wconf 6' lang='lat' dir='ltr'>quiderm</span> <span class='ocrx_word' id='word_1_41' title='bbox 2432 853 2532 895; x_wconf 80' lang='lat' dir='ltr'>res</span> 
     </span>
    </p>

    <p class='ocr_par' dir='ltr' id='par_1_6' title="bbox 335 928 2534 1011">
     <span class='ocr_line' id='line_1_6' title="bbox 335 928 2534 1011; baseline 0 -22"><span class='ocrx_word' id='word_1_42' title='bbox 335 931 589 1009; x_wconf 87' lang='lat' dir='ltr'>primum</span> <span class='ocrx_word' id='word_1_43' title='bbox 611 929 818 1001; x_wconf 86' lang='lat' dir='ltr'>movit,</span> <span class='ocrx_word' id='word_1_44' title='bbox 846 939 935 1002; x_wconf 90' lang='lat' dir='ltr'>ut,</span> <span class='ocrx_word' id='word_1_45' title='bbox 963 930 1301 1008; x_wconf 74' lang='lat' dir='ltr'>perquisitis</span> <span class='ocrx_word' id='word_1_46' title='bbox 1328 928 1584 1009; x_wconf 82' lang='lat' dir='ltr'>antiquis</span> <span class='ocrx_word' id='word_1_47' title='bbox 1612 930 2041 1011; x_wconf 78' lang='lat' dir='ltr'>exemplaribus</span> <span class='ocrx_word' id='word_1_48' title='bbox 2068 941 2130 992; x_wconf 89' lang='lat' dir='ltr'>et</span> <span class='ocrx_word' id='word_1_49' title='bbox 2148 949 2327 990; x_wconf 88' lang='lat' dir='ltr'>manu</span> <span class='ocrx_word' id='word_1_50' title='bbox 2351 931 2534 1011; x_wconf 83' lang='lat' dir='ltr'>scrip·</span> 
     </span>
    </p>

    <p class='ocr_par' dir='ltr' id='par_1_7' title="bbox 331 1026 2532 1109">
     <span class='ocr_line' id='line_1_7' title="bbox 331 1026 2532 1109; baseline 0 -23"><span class='ocrx_word' id='word_1_51' title='bbox 331 1028 406 1086; x_wconf 85' lang='lat' dir='ltr'>tis</span> <span class='ocrx_word' id='word_1_52' title='bbox 437 1038 500 1087; x_wconf 90' lang='lat' dir='ltr'>et</span> <span class='ocrx_word' id='word_1_53' title='bbox 527 1027 849 1106; x_wconf 80' lang='lat' dir='ltr'>impressis,</span> <span class='ocrx_word' id='word_1_54' title='bbox 876 1028 1043 1087; x_wconf 80' lang='lat' dir='ltr'>locos</span> <span class='ocrx_word' id='word_1_55' title='bbox 1070 1027 1355 1109; x_wconf 82' lang='lat' dir='ltr'>plurimos</span> <span class='ocrx_word' id='word_1_56' title='bbox 1382 1026 1759 1107; x_wconf 83' lang='lat' dir='ltr'>depravatos,</span> <span class='ocrx_word' id='word_1_57' title='bbox 1807 1047 1958 1108; x_wconf 87' lang='lat' dir='ltr'>quos</span> <span class='ocrx_word' id='word_1_58' title='bbox 1997 1028 2097 1088; x_wconf 88' lang='lat' dir='ltr'>ille</span> <span class='ocrx_word' id='word_1_59' title='bbox 2125 1027 2532 1088; x_wconf 81' lang='lat' dir='ltr'>inemendatos</span> 
     </span>
    </p>

    <p class='ocr_par' dir='ltr' id='par_1_8' title="bbox 331 1124 2537 1206">
     <span class='ocr_line' id='line_1_8' title="bbox 331 1124 2537 1206; baseline 0 -24"><span class='ocrx_word' id='word_1_60' title='bbox 331 1124 673 1203; x_wconf 79' lang='lat' dir='ltr'><strong>reliquerat,</strong></span> <span class='ocrx_word' id='word_1_61' title='bbox 706 1125 995 1203; x_wconf 83' lang='lat' dir='ltr'>corrigere</span> <span class='ocrx_word' id='word_1_62' title='bbox 1022 1143 1389 1186; x_wconf 84' lang='lat' dir='ltr'>conaremur.</span> <span class='ocrx_word' id='word_1_63' title='bbox 1474 1124 1637 1192; x_wconf 84' lang='lat' dir='ltr'>Quid</span> <span class='ocrx_word' id='word_1_64' title='bbox 1665 1136 1869 1186; x_wconf 85' lang='lat' dir='ltr'>nostra</span> <span class='ocrx_word' id='word_1_65' title='bbox 1895 1125 2203 1206; x_wconf 82' lang='lat' dir='ltr'>diligentia</span> <span class='ocrx_word' id='word_1_66' title='bbox 2231 1126 2537 1186; x_wconf 78' lang='lat' dir='ltr'>consecuti</span> 
     </span>
    </p>

    <p class='ocr_par' dir='ltr' id='par_1_9' title="bbox 332 1221 2538 1304">
     <span class='ocr_line' id='line_1_9' title="bbox 332 1221 2538 1304; baseline -0.001 -22"><span class='ocrx_word' id='word_1_67' title='bbox 332 1224 545 1295; x_wconf 80' lang='lat' dir='ltr'>simus,</span> <span class='ocrx_word' id='word_1_68' title='bbox 573 1221 817 1282; x_wconf 85' lang='lat' dir='ltr'>aliorum</span> <span class='ocrx_word' id='word_1_69' title='bbox 846 1234 977 1283; x_wconf 85' lang='lat' dir='ltr'>esto</span> <span class='ocrx_word' id='word_1_70' title='bbox 1015 1222 1326 1302; x_wconf 85' lang='lat' dir='ltr'>judicium.</span> <span class='ocrx_word' id='word_1_71' title='bbox 1412 1222 1549 1283; x_wconf 90' lang='lat' dir='ltr'>Hoc</span> <span class='ocrx_word' id='word_1_72' title='bbox 1576 1235 1735 1285; x_wconf 89' lang='lat' dir='ltr'>certe</span> <span class='ocrx_word' id='word_1_73' title='bbox 1769 1224 1904 1304; x_wconf 88' lang='lat' dir='ltr'>jure</span> <span class='ocrx_word' id='word_1_74' title='bbox 1933 1225 2218 1284; x_wconf 83' lang='lat' dir='ltr'>affirmare</span> <span class='ocrx_word' id='word_1_75' title='bbox 2245 1239 2423 1302; x_wconf 80' lang='lat' dir='ltr'>posse</span> <span class='ocrx_word' id='word_1_76' title='bbox 2451 1222 2538 1279; x_wconf 85' lang='lat' dir='ltr'>vi·</span> 
     </span>
    </p>

    <p class='ocr_par' dir='ltr' id='par_1_10' title="bbox 335 1318 2536 1408">
     <span class='ocr_line' id='line_1_10' title="bbox 335 1318 2536 1408; baseline -0 -30"><span class='ocrx_word' id='word_1_77' title='bbox 335 1318 505 1408; x_wconf 76' lang='lat' dir='ltr'>deor,</span> <span class='ocrx_word' id='word_1_78' title='bbox 549 1337 624 1378; x_wconf 87' lang='lat' dir='ltr'>ex</span> <span class='ocrx_word' id='word_1_79' title='bbox 669 1318 968 1400; x_wconf 77' lang='lat' dir='ltr'>impressis</span> <span class='ocrx_word' id='word_1_80' title='bbox 997 1321 1224 1380; x_wconf 84' lang='lat' dir='ltr'>nullum</span> <span class='ocrx_word' id='word_1_81' title='bbox 1256 1320 1486 1402; x_wconf 86' lang='lat' dir='ltr'>uspiam</span> <span class='ocrx_word' id='word_1_82' title='bbox 1517 1331 1718 1383; x_wconf 86' lang='lat' dir='ltr'>extare</span> <span class='ocrx_word' id='word_1_83' title='bbox 1746 1321 1925 1382; x_wconf 88' lang='lat' dir='ltr'>hodie</span> <span class='ocrx_word' id='word_1_84' title='bbox 1969 1320 2287 1400; x_wconf 84' lang='lat' dir='ltr'>exemplar,</span> <span class='ocrx_word' id='word_1_85' title='bbox 2330 1319 2536 1399; x_wconf 88' lang='lat' dir='ltr'>quoin</span> 
     </span>
    </p>

    <p class='ocr_par' dir='ltr' id='par_1_11' title="bbox 332 1415 2538 1502">
     <span class='ocr_line' id='line_1_11' title="bbox 332 1415 2538 1502; baseline -0.001 -26"><span class='ocrx_word' id='word_1_86' title='bbox 332 1415 659 1494; x_wconf 83' lang='lat' dir='ltr'>exemplari</span> <span class='ocrx_word' id='word_1_87' title='bbox 679 1416 880 1495; x_wconf 85' lang='lat' dir='ltr'>plures</span> <span class='ocrx_word' id='word_1_88' title='bbox 904 1417 1017 1479; x_wconf 88' lang='lat' dir='ltr'>loci</span> <span class='ocrx_word' id='word_1_89' title='bbox 1047 1418 1298 1479; x_wconf 86' lang='lat' dir='ltr'>correcti</span> <span class='ocrx_word' id='word_1_90' title='bbox 1318 1420 1457 1496; x_wconf 85' lang='lat' dir='ltr'>sint,</span> <span class='ocrx_word' id='word_1_91' title='bbox 1480 1439 1660 1502; x_wconf 81' lang='lat' dir='ltr'>qnam</span> <span class='ocrx_word' id='word_1_92' title='bbox 1687 1421 1750 1479; x_wconf 88' lang='lat' dir='ltr'>in</span> <span class='ocrx_word' id='word_1_93' title='bbox 1777 1438 1871 1493; x_wconf 89' lang='lat' dir='ltr'>eo,</span> <span class='ocrx_word' id='word_1_94' title='bbox 1898 1418 2062 1499; x_wconf 82' lang='lat' dir='ltr'>quod</span> <span class='ocrx_word' id='word_1_95' title='bbox 2084 1435 2195 1477; x_wconf 82' lang='lat' dir='ltr'>nos·</span> <span class='ocrx_word' id='word_1_96' title='bbox 2215 1415 2538 1496; x_wconf 84' lang='lat' dir='ltr'>aliquando</span> 
     </span>
    </p>

    <p class='ocr_par' dir='ltr' id='par_1_12' title="bbox 333 1509 2541 1595">
     <span class='ocr_line' id='line_1_12' title="bbox 333 1509 2541 1595; baseline 0 -24"><span class='ocrx_word' id='word_1_97' title='bbox 333 1514 396 1571; x_wconf 89' lang='lat' dir='ltr'>in</span> <span class='ocrx_word' id='word_1_98' title='bbox 428 1512 736 1594; x_wconf 74' lang='lat' dir='ltr'>publicum</span> <span class='ocrx_word' id='word_1_99' title='bbox 764 1514 961 1574; x_wconf 89' lang='lat' dir='ltr'>daturi</span> <span class='ocrx_word' id='word_1_100' title='bbox 999 1534 1225 1577; x_wconf 83' lang='lat' dir='ltr'>sumus.</span> <span class='ocrx_word' id='word_1_101' title='bbox 1311 1516 1382 1577; x_wconf 88' lang='lat' dir='ltr'>Id</span> <span class='ocrx_word' id='word_1_102' title='bbox 1408 1518 1493 1578; x_wconf 81' lang='lat' dir='ltr'>ita</span> <span class='ocrx_word' id='word_1_103' title='bbox 1518 1509 1655 1579; x_wconf 83' lang='lat' dir='ltr'>esse</span> <span class='ocrx_word' id='word_1_104' title='bbox 1682 1538 1815 1577; x_wconf 86' lang='lat' dir='ltr'>cum</span> <span class='ocrx_word' id='word_1_105' title='bbox 1844 1533 1959 1589; x_wconf 71' lang='lat' dir='ltr'>ree,</span> <span class='ocrx_word' id='word_1_106' title='bbox 1987 1526 2055 1574; x_wconf 89' lang='lat' dir='ltr'>ut</span> <span class='ocrx_word' id='word_1_107' title='bbox 2090 1524 2255 1595; x_wconf 87' lang='lat' dir='ltr'>puto,</span> <span class='ocrx_word' id='word_1_108' title='bbox 2298 1512 2541 1573; x_wconf 84' lang='lat' dir='ltr'>testabi-</span> 
     </span>
    </p>

    <p class='ocr_par' dir='ltr' id='par_1_13' title="bbox 334 1610 2540 1688">
     <span class='ocr_line' id='line_1_13' title="bbox 334 1610 2540 1688; baseline -0.002 -18"><span class='ocrx_word' id='word_1_109' title='bbox 334 1622 459 1683; x_wconf 85' lang='lat' dir='ltr'>tur,</span> <span class='ocrx_word' id='word_1_110' title='bbox 498 1622 626 1671; x_wconf 86' lang='lat' dir='ltr'>tum</span> <span class='ocrx_word' id='word_1_111' title='bbox 675 1610 857 1674; x_wconf 84' lang='lat' dir='ltr'>editio</span> <span class='ocrx_word' id='word_1_112' title='bbox 902 1612 1046 1672; x_wconf 86' lang='lat' dir='ltr'>olim</span> <span class='ocrx_word' id='word_1_113' title='bbox 1090 1624 1316 1688; x_wconf 86' lang='lat' dir='ltr'>nostra,</span> <span class='ocrx_word' id='word_1_114' title='bbox 1367 1617 1417 1676; x_wconf 83' lang='lat' dir='ltr'>si</span> <span class='ocrx_word' id='word_1_115' title='bbox 1463 1633 1599 1677; x_wconf 84' lang='lat' dir='ltr'>cum</span> <span class='ocrx_word' id='word_1_116' title='bbox 1629 1614 1761 1675; x_wconf 85' lang='lat' dir='ltr'>aliis</span> <span class='ocrx_word' id='word_1_117' title='bbox 1784 1614 2139 1674; x_wconf 74' lang='lat' dir='ltr'>conferatur.</span> <span class='ocrx_word' id='word_1_118' title='bbox 2223 1611 2455 1671; x_wconf 85' lang='lat' dir='ltr'>Etenim</span> <span class='ocrx_word' id='word_1_119' title='bbox 2483 1610 2540 1667; x_wconf 73' lang='lat' dir='ltr'>vi</span> 
     </span>
    </p>

    <p class='ocr_par' dir='ltr' id='par_1_14' title="bbox 335 1697 2545 1890">
     <span class='ocr_line' id='line_1_14' title="bbox 337 1697 2545 1793; baseline -0.001 -26"><span class='ocrx_word' id='word_1_120' title='bbox 337 1727 578 1768; x_wconf 84' lang='lat' dir='ltr'>summa</span> <span class='ocrx_word' id='word_1_121' title='bbox 599 1707 954 1789; x_wconf 86' lang='lat' dir='ltr'>jampridem</span> <span class='ocrx_word' id='word_1_122' title='bbox 982 1720 1162 1791; x_wconf 89' lang='lat' dir='ltr'>atque</span> <span class='ocrx_word' id='word_1_123' title='bbox 1190 1713 1351 1772; x_wconf 89' lang='lat' dir='ltr'>omni</span> <span class='ocrx_word' id='word_1_124' title='bbox 1379 1733 1513 1792; x_wconf 90' lang='lat' dir='ltr'>ope,</span> <span class='ocrx_word' id='word_1_125' title='bbox 1540 1723 1601 1775; x_wconf 88' lang='lat' dir='ltr'>et</span> <span class='ocrx_word' id='word_1_126' title='bbox 1625 1714 1765 1793; x_wconf 84' lang='lat' dir='ltr'>plus</span> <span class='ocrx_word' id='word_1_127' title='bbox 1789 1697 2025 1772; x_wconf 82' lang='lat' dir='ltr'>demum</span> <span class='ocrx_word' id='word_1_128' title='bbox 2054 1727 2232 1789; x_wconf 87' lang='lat' dir='ltr'>quam</span> <span class='ocrx_word' id='word_1_129' title='bbox 2258 1727 2367 1788; x_wconf 87' lang='lat' dir='ltr'>pro</span> <span class='ocrx_word' id='word_1_130' title='bbox 2397 1705 2545 1766; x_wconf 85' lang='lat' dir='ltr'>virili</span> 
     </span>
     <span class='ocr_line' id='line_1_15' title="bbox 335 1803 2542 1890; baseline -0.001 -24"><span class='ocrx_word' id='word_1_131' title='bbox 335 1815 529 1885; x_wconf 83' lang='lat' dir='ltr'>parte,</span> <span class='ocrx_word' id='word_1_132' title='bbox 555 1806 644 1866; x_wconf 89' lang='lat' dir='ltr'>uti</span> <span class='ocrx_word' id='word_1_133' title='bbox 672 1807 932 1879; x_wconf 82' lang='lat' dir='ltr'>omnium</span> <span class='ocrx_word' id='word_1_134' title='bbox 962 1818 1102 1868; x_wconf 86' lang='lat' dir='ltr'>ante</span> <span class='ocrx_word' id='word_1_135' title='bbox 1130 1828 1242 1869; x_wconf 85' lang='lat' dir='ltr'>nos</span> <span class='ocrx_word' id='word_1_136' title='bbox 1263 1811 1729 1890; x_wconf 82' lang='lat' dir='ltr'>recognitionem</span> <span class='ocrx_word' id='word_1_137' title='bbox 1748 1809 2135 1880; x_wconf 83' lang='lat' dir='ltr'>vinceremus,</span> <span class='ocrx_word' id='word_1_138' title='bbox 2159 1803 2542 1866; x_wconf 81' lang='lat' dir='ltr'>annitendum</span> 
     </span>
    </p>

    <p class='ocr_par' dir='ltr' id='par_1_15' title="bbox 336 1900 2544 1989">
     <span class='ocr_line' id='line_1_16' title="bbox 336 1900 2544 1989; baseline -0 -29"><span class='ocrx_word' id='word_1_139' title='bbox 336 1902 486 1962; x_wconf 85' lang='lat' dir='ltr'>mihi</span> <span class='ocrx_word' id='word_1_140' title='bbox 514 1901 863 1966; x_wconf 60' lang='lat' dir='ltr'>existimaviss</span> <span class='ocrx_word' id='word_1_141' title='bbox 948 1906 1188 1967; x_wconf 88' lang='lat' dir='ltr'>Interim</span> <span class='ocrx_word' id='word_1_142' title='bbox 1234 1901 1400 1967; x_wconf 88' lang='lat' dir='ltr'>locos</span> <span class='ocrx_word' id='word_1_143' title='bbox 1444 1907 1727 1989; x_wconf 85' lang='lat' dir='ltr'>plurimos</span> <span class='ocrx_word' id='word_1_144' title='bbox 1772 1928 1810 1967; x_wconf 86' lang='lat' dir='ltr'>a</span> <span class='ocrx_word' id='word_1_145' title='bbox 1852 1907 2046 1978; x_wconf 83' lang='lat' dir='ltr'>nobis,</span> <span class='ocrx_word' id='word_1_146' title='bbox 2090 1913 2316 1984; x_wconf 82' lang='lat' dir='ltr'>quanta</span> <span class='ocrx_word' id='word_1_147' title='bbox 2356 1900 2544 1972; x_wconf 88' lang='lat' dir='ltr'>licuit,</span> 
     </span>
    </p>

    <p class='ocr_par' dir='ltr' id='par_1_16' title="bbox 336 1998 2544 2084">
     <span class='ocr_line' id='line_1_17' title="bbox 336 1998 2544 2084; baseline -0.001 -26"><span class='ocrx_word' id='word_1_148' title='bbox 336 2019 479 2059; x_wconf 82' lang='lat' dir='ltr'>cum</span> <span class='ocrx_word' id='word_1_149' title='bbox 521 1999 643 2061; x_wconf 83' lang='lat' dir='ltr'>fide</span> <span class='ocrx_word' id='word_1_150' title='bbox 684 2011 745 2062; x_wconf 91' lang='lat' dir='ltr'>et</span> <span class='ocrx_word' id='word_1_151' title='bbox 788 2002 1093 2082; x_wconf 84' lang='lat' dir='ltr'>religione,</span> <span class='ocrx_word' id='word_1_152' title='bbox 1146 2012 1272 2063; x_wconf 89' lang='lat' dir='ltr'>tum</span> <span class='ocrx_word' id='word_1_153' title='bbox 1316 2004 1646 2084; x_wconf 81' lang='lat' dir='ltr'>diligentia,</span> <span class='ocrx_word' id='word_1_154' title='bbox 1692 2002 1911 2075; x_wconf 84' lang='lat' dir='ltr'>studio,</span> <span class='ocrx_word' id='word_1_155' title='bbox 1953 2002 2154 2063; x_wconf 84' lang='lat' dir='ltr'>labore</span> <span class='ocrx_word' id='word_1_156' title='bbox 2195 1998 2544 2078; x_wconf 82' lang='lat' dir='ltr'>castigatos,</span> 
     </span>
    </p>

    <p class='ocr_par' dir='ltr' id='par_1_17' title="bbox 294 2094 2572 4427">
     <span class='ocr_line' id='line_1_18' title="bbox 335 2094 2547 2184; baseline -0.002 -28"><span class='ocrx_word' id='word_1_157' title='bbox 335 2094 737 2178; x_wconf 70' lang='lat' dir='ltr'>pristinoque,-</span> <span class='ocrx_word' id='word_1_158' title='bbox 760 2108 830 2157; x_wconf 73' lang='lat' dir='ltr'>ut</span> <span class='ocrx_word' id='word_1_159' title='bbox 853 2100 1082 2179; x_wconf 85' lang='lat' dir='ltr'>opinor,</span> <span class='ocrx_word' id='word_1_160' title='bbox 1125 2100 1301 2160; x_wconf 87' lang='lat' dir='ltr'>nitori</span> <span class='ocrx_word' id='word_1_161' title='bbox 1341 2100 1784 2182; x_wconf 84' lang='lat' dir='ltr'>integritatique</span> <span class='ocrx_word' id='word_1_162' title='bbox 1811 2099 2075 2161; x_wconf 85' lang='lat' dir='ltr'>redditos</span> <span class='ocrx_word' id='word_1_163' title='bbox 2096 2095 2547 2184; x_wconf 62' lang='lat' dir='ltr'>publicavimus,</span> 
     </span>
     <span class='ocr_line' id='line_1_19' title="bbox 337 2189 2550 2279; baseline -0.001 -26"><span class='ocrx_word' id='word_1_164' title='bbox 337 2205 402 2253; x_wconf 82' lang='lat' dir='ltr'>et</span> <span class='ocrx_word' id='word_1_165' title='bbox 438 2189 703 2274; x_wconf 67' lang='lat' dir='ltr'>quidem</span> <span class='ocrx_word' id='word_1_166' title='bbox 732 2194 898 2255; x_wconf 85' lang='lat' dir='ltr'>nullo</span> <span class='ocrx_word' id='word_1_167' title='bbox 943 2196 1163 2276; x_wconf 82' lang='lat' dir='ltr'>majore</span> <span class='ocrx_word' id='word_1_168' title='bbox 1204 2199 1515 2258; x_wconf 77' lang='lat' dir='ltr'>verborum</span> <span class='ocrx_word' id='word_1_169' title='bbox 1564 2208 1893 2279; x_wconf 84' lang='lat' dir='ltr'>apparatu:</span> <span class='ocrx_word' id='word_1_170' title='bbox 1920 2191 2438 2275; x_wconf 64' lang='lat' dir='ltr'>quandoquidem,</span> <span class='ocrx_word' id='word_1_171' title='bbox 2481 2198 2550 2250; x_wconf 81' lang='lat' dir='ltr'>ut</span> 
     </span>
     <span class='ocr_line' id='line_1_20' title="bbox 336 2284 2549 2373; baseline -0.003 -23"><span class='ocrx_word' id='word_1_172' title='bbox 336 2291 441 2351; x_wconf 89' lang='lat' dir='ltr'>ille</span> <span class='ocrx_word' id='word_1_173' title='bbox 464 2291 652 2363; x_wconf 78' lang='lat' dir='ltr'>canit,</span> <span class='ocrx_word' id='word_1_174' title='bbox 682 2298 701 2326; x_wconf 87' lang='lat'>‘</span> <span class='ocrx_word' id='word_1_175' title='bbox 725 2289 941 2351; x_wconf 83' lang='lat' dir='ltr'>Ornari</span> <span class='ocrx_word' id='word_1_176' title='bbox 967 2312 1060 2353; x_wconf 85' lang='lat' dir='ltr'>res</span> <span class='ocrx_word' id='word_1_177' title='bbox 1090 2292 1223 2373; x_wconf 87' lang='lat' dir='ltr'>ipsa</span> <span class='ocrx_word' id='word_1_178' title='bbox 1248 2302 1449 2373; x_wconf 80' lang='lat' dir='ltr'>negat,</span> <span class='ocrx_word' id='word_1_179' title='bbox 1472 2305 1755 2355; x_wconf 74' lang='lat' dir='ltr'>contenta</span> <span class='ocrx_word' id='word_1_180' title='bbox 1775 2293 2015 2355; x_wconf 67' lang='lat' dir='ltr'>doceri!</span> <span class='ocrx_word' id='word_1_181' title='bbox 2083 2287 2262 2360; x_wconf 86' lang='lat' dir='ltr'>Quod</span> <span class='ocrx_word' id='word_1_182' title='bbox 2291 2286 2343 2348; x_wconf 86' lang='lat' dir='ltr'>si</span> <span class='ocrx_word' id='word_1_183' title='bbox 2368 2284 2549 2346; x_wconf 80' lang='lat' dir='ltr'>lande</span> 
     </span>
     <span class='ocr_line' id='line_1_21' title="bbox 338 2385 2552 2472; baseline -0.003 -25"><span class='ocrx_word' id='word_1_184' title='bbox 338 2388 571 2461; x_wconf 86' lang='lat' dir='ltr'>merita,</span> <span class='ocrx_word' id='word_1_185' title='bbox 616 2387 717 2469; x_wconf 87' lang='lat' dir='ltr'>qui</span> <span class='ocrx_word' id='word_1_186' title='bbox 755 2407 939 2449; x_wconf 87' lang='lat' dir='ltr'>unum</span> <span class='ocrx_word' id='word_1_187' title='bbox 969 2385 1290 2452; x_wconf 81' lang='lat' dir='ltr'>alterumve</span> <span class='ocrx_word' id='word_1_188' title='bbox 1316 2391 1377 2450; x_wconf 89' lang='lat' dir='ltr'>in</span> <span class='ocrx_word' id='word_1_189' title='bbox 1408 2392 1669 2451; x_wconf 80' lang='lat' dir='ltr'>Auctore</span> <span class='ocrx_word' id='word_1_190' title='bbox 1695 2390 1977 2472; x_wconf 87' lang='lat' dir='ltr'>quopiam</span> <span class='ocrx_word' id='word_1_191' title='bbox 2003 2387 2302 2448; x_wconf 81' lang='lat' dir='ltr'>illustrant</span> <span class='ocrx_word' id='word_1_192' title='bbox 2328 2392 2433 2443; x_wconf 84' lang='lat' dir='ltr'>aut</span> <span class='ocrx_word' id='word_1_193' title='bbox 2459 2401 2552 2442; x_wconf 84' lang='lat' dir='ltr'>re·-</span> 
     </span>
     <span class='ocr_line' id='line_1_22' title="bbox 340 2475 2551 2568; baseline 0 -25"><span class='ocrx_word' id='word_1_194' title='bbox 340 2484 605 2545; x_wconf 82' lang='lat' dir='ltr'>stituunt</span> <span class='ocrx_word' id='word_1_195' title='bbox 632 2484 847 2558; x_wconf 87' lang='lat' dir='ltr'>locum,</span> <span class='ocrx_word' id='word_1_196' title='bbox 879 2506 999 2558; x_wconf 84' lang='lat' dir='ltr'>non</span> <span class='ocrx_word' id='word_1_197' title='bbox 1028 2475 1401 2559; x_wconf 79' lang='lat' dir='ltr'>fraudantur,</span> <span class='ocrx_word' id='word_1_198' title='bbox 1436 2503 1543 2547; x_wconf 81' lang='lat' dir='ltr'>eur</span> <span class='ocrx_word' id='word_1_199' title='bbox 1571 2507 1691 2548; x_wconf 89' lang='lat' dir='ltr'>non</span> <span class='ocrx_word' id='word_1_200' title='bbox 1719 2489 1847 2568; x_wconf 84' lang='lat' dir='ltr'>ipse</span> <span class='ocrx_word' id='word_1_201' title='bbox 1876 2503 2114 2566; x_wconf 87' lang='lat' dir='ltr'>quoque</span> <span class='ocrx_word' id='word_1_202' title='bbox 2141 2499 2371 2563; x_wconf 83' lang='lat' dir='ltr'>sperem</span> <span class='ocrx_word' id='word_1_203' title='bbox 2401 2499 2551 2544; x_wconf 82' lang='lat' dir='ltr'>non·</span> 
     </span>
     <span class='ocr_line' id='line_1_23' title="bbox 339 2578 2550 2665; baseline -0.002 -23"><span class='ocrx_word' id='word_1_204' title='bbox 339 2582 569 2642; x_wconf 83' lang='lat' dir='ltr'>nullam</span> <span class='ocrx_word' id='word_1_205' title='bbox 603 2601 697 2643; x_wconf 87' lang='lat' dir='ltr'>me</span> <span class='ocrx_word' id='word_1_206' title='bbox 726 2602 762 2642; x_wconf 89' lang='lat' dir='ltr'>a</span> <span class='ocrx_word' id='word_1_207' title='bbox 786 2579 1072 2643; x_wconf 80' lang='lat' dir='ltr'>studiosis</span> <span class='ocrx_word' id='word_1_208' title='bbox 1100 2584 1349 2660; x_wconf 83' lang='lat' dir='ltr'>gratiam</span> <span class='ocrx_word' id='word_1_209' title='bbox 1378 2583 1685 2657; x_wconf 84' lang='lat' dir='ltr'>initurum,</span> <span class='ocrx_word' id='word_1_210' title='bbox 1720 2585 1822 2665; x_wconf 89' lang='lat' dir='ltr'>qui</span> <span class='ocrx_word' id='word_1_211' title='bbox 1847 2593 1943 2643; x_wconf 82' lang='lat' dir='ltr'>tot</span> <span class='ocrx_word' id='word_1_212' title='bbox 1969 2582 2029 2641; x_wconf 88' lang='lat' dir='ltr'>in</span> <span class='ocrx_word' id='word_1_213' title='bbox 2056 2580 2331 2648; x_wconf 80' lang='lat' dir='ltr'>Terentio</span> <span class='ocrx_word' id='word_1_214' title='bbox 2362 2578 2550 2648; x_wconf 82' lang='lat' dir='ltr'>locos,</span> 
     </span>
     <span class='ocr_line' id='line_1_24' title="bbox 338 2679 2553 2761; baseline -0.004 -22"><span class='ocrx_word' id='word_1_215' title='bbox 338 2682 600 2741; x_wconf 76' lang='lat' dir='ltr'>fortasse</span> <span class='ocrx_word' id='word_1_216' title='bbox 641 2696 762 2750; x_wconf 70' lang='lat' dir='ltr'>non</span> <span class='ocrx_word' id='word_1_217' title='bbox 808 2680 1008 2761; x_wconf 84' lang='lat' dir='ltr'>inepte</span> <span class='ocrx_word' id='word_1_218' title='bbox 1052 2699 1315 2761; x_wconf 83' lang='lat' dir='ltr'>prorsus,</span> <span class='ocrx_word' id='word_1_219' title='bbox 1361 2679 1676 2760; x_wconf 88' lang='lat' dir='ltr'>diligenter</span> <span class='ocrx_word' id='word_1_220' title='bbox 1721 2680 1984 2760; x_wconf 82' lang='lat' dir='ltr'>quidem,</span> <span class='ocrx_word' id='word_1_221' title='bbox 2033 2688 2096 2738; x_wconf 92' lang='lat' dir='ltr'>et</span> <span class='ocrx_word' id='word_1_222' title='bbox 2141 2693 2358 2754; x_wconf 84' lang='lat' dir='ltr'>magna</span> <span class='ocrx_word' id='word_1_223' title='bbox 2407 2691 2553 2733; x_wconf 83' lang='lat' dir='ltr'>cura</span> 
     </span>
     <span class='ocr_line' id='line_1_25' title="bbox 341 2769 2551 2857; baseline -0.005 -19"><span class='ocrx_word' id='word_1_224' title='bbox 341 2788 526 2852; x_wconf 80' lang='lat' dir='ltr'>oerte,</span> <span class='ocrx_word' id='word_1_225' title='bbox 570 2780 648 2837; x_wconf 80' lang='lat' dir='ltr'>ab</span> <span class='ocrx_word' id='word_1_226' title='bbox 694 2778 966 2838; x_wconf 78' lang='lat' dir='ltr'>omnibus</span> <span class='ocrx_word' id='word_1_227' title='bbox 1014 2778 1246 2839; x_wconf 73' lang='lat' dir='ltr'>mendis</span> <span class='ocrx_word' id='word_1_228' title='bbox 1292 2777 1569 2857; x_wconf 79' lang='lat' dir='ltr'>vitiisque</span> <span class='ocrx_word' id='word_1_229' title='bbox 1616 2774 2022 2855; x_wconf 70' lang='lat' dir='ltr'>repurgarim‘e</span> <span class='ocrx_word' id='word_1_230' title='bbox 2082 2771 2345 2832; x_wconf 83' lang='lat' dir='ltr'>Tametsi</span> <span class='ocrx_word' id='word_1_231' title='bbox 2388 2769 2551 2828; x_wconf 87' lang='lat' dir='ltr'>haud</span> 
     </span>
     <span class='ocr_line' id='line_1_26' title="bbox 343 2867 2553 2954; baseline -0.005 -20"><span class='ocrx_word' id='word_1_232' title='bbox 343 2893 489 2934; x_wconf 74' lang='lat' dir='ltr'>sane</span> <span class='ocrx_word' id='word_1_233' title='bbox 524 2873 999 2947; x_wconf 78' lang='lat' dir='ltr'>dissimulavero,</span> <span class='ocrx_word' id='word_1_234' title='bbox 1040 2875 1266 2935; x_wconf 74' lang='lat' dir='ltr'>haerere</span> <span class='ocrx_word' id='word_1_235' title='bbox 1295 2874 1487 2954; x_wconf 85' lang='lat' dir='ltr'>ipsum</span> <span class='ocrx_word' id='word_1_236' title='bbox 1516 2893 1610 2933; x_wconf 90' lang='lat' dir='ltr'>me</span> <span class='ocrx_word' id='word_1_237' title='bbox 1638 2869 1941 2952; x_wconf 79' lang='lat' dir='ltr'>plerisque</span> <span class='ocrx_word' id='word_1_238' title='bbox 1979 2867 2041 2928; x_wconf 83' lang='lat' dir='ltr'>in</span> <span class='ocrx_word' id='word_1_239' title='bbox 2082 2868 2252 2941; x_wconf 83' lang='lat' dir='ltr'>locis,</span> <span class='ocrx_word' id='word_1_240' title='bbox 2291 2875 2352 2926; x_wconf 87' lang='lat' dir='ltr'>et</span> <span class='ocrx_word' id='word_1_241' title='bbox 2388 2883 2553 2944; x_wconf 81' lang='lat' dir='ltr'>quee-</span> 
     </span>
     <span class='ocr_line' id='line_1_27' title="bbox 343 2963 2552 3051; baseline -0.003 -22"><span class='ocrx_word' id='word_1_242' title='bbox 343 2971 505 3043; x_wconf 72' lang='lat' dir='ltr'>dam,</span> <span class='ocrx_word' id='word_1_243' title='bbox 535 2967 618 3031; x_wconf 89' lang='lat' dir='ltr'>de</span> <span class='ocrx_word' id='word_1_244' title='bbox 644 2971 860 3051; x_wconf 84' lang='lat' dir='ltr'>quibus</span> <span class='ocrx_word' id='word_1_245' title='bbox 888 2989 1096 3050; x_wconf 87' lang='lat' dir='ltr'>parum</span> <span class='ocrx_word' id='word_1_246' title='bbox 1127 2970 1322 3030; x_wconf 86' lang='lat' dir='ltr'>adhue</span> <span class='ocrx_word' id='word_1_247' title='bbox 1352 2970 1597 3050; x_wconf 86' lang='lat' dir='ltr'>liqueat,</span> <span class='ocrx_word' id='word_1_248' title='bbox 1627 2969 1931 3048; x_wconf 85' lang='lat' dir='ltr'>ampliare,</span> <span class='ocrx_word' id='word_1_249' title='bbox 1976 2976 2037 3028; x_wconf 90' lang='lat' dir='ltr'>et</span> <span class='ocrx_word' id='word_1_250' title='bbox 2063 2966 2209 3046; x_wconf 88' lang='lat' dir='ltr'>quid</span> <span class='ocrx_word' id='word_1_251' title='bbox 2237 2966 2298 3024; x_wconf 88' lang='lat' dir='ltr'>in</span> <span class='ocrx_word' id='word_1_252' title='bbox 2324 2963 2417 3024; x_wconf 81' lang='lat' dir='ltr'>his</span> <span class='ocrx_word' id='word_1_253' title='bbox 2445 2979 2552 3041; x_wconf 90' lang='lat' dir='ltr'>po-</span> 
     </span>
     <span class='ocr_line' id='line_1_28' title="bbox 342 3062 2572 3146; baseline -0.004 -19"><span class='ocrx_word' id='word_1_254' title='bbox 342 3067 641 3127; x_wconf 82' lang='lat' dir='ltr'>tissimum</span> <span class='ocrx_word' id='word_1_255' title='bbox 689 3083 926 3146; x_wconf 84' lang='lat' dir='ltr'>sequar,</span> <span class='ocrx_word' id='word_1_256' title='bbox 973 3065 1137 3126; x_wconf 84' lang='lat' dir='ltr'>haud</span> <span class='ocrx_word' id='word_1_257' title='bbox 1185 3067 1326 3126; x_wconf 83' lang='lat' dir='ltr'>dum</span> <span class='ocrx_word' id='word_1_258' title='bbox 1378 3066 1747 3146; x_wconf 85' lang='lat' dir='ltr'>exploratum</span> <span class='ocrx_word' id='word_1_259' title='bbox 1797 3064 1942 3125; x_wconf 87' lang='lat' dir='ltr'>satis</span> <span class='ocrx_word' id='word_1_260' title='bbox 1988 3064 2227 3136; x_wconf 85' lang='lat' dir='ltr'>habere,</span> <span class='ocrx_word' id='word_1_261' title='bbox 2275 3062 2335 3121; x_wconf 83' lang='lat' dir='ltr'>in</span> <span class='ocrx_word' id='word_1_262' title='bbox 2387 3070 2572 3138; x_wconf 29' lang='lat' dir='ltr'>tanta‘</span> 
     </span>
     <span class='ocr_line' id='line_1_29' title="bbox 344 3158 2556 3246; baseline -0.004 -22"><span class='ocrx_word' id='word_1_263' title='bbox 344 3163 681 3246; x_wconf 58' lang='lat' dir='ltr'>prasertim</span> <span class='ocrx_word' id='word_1_264' title='bbox 706 3163 1124 3244; x_wconf 81' lang='lat' dir='ltr'>exemplarium</span> <span class='ocrx_word' id='word_1_265' title='bbox 1154 3164 1532 3243; x_wconf 87' lang='lat' dir='ltr'>antiquorum</span> <span class='ocrx_word' id='word_1_266' title='bbox 1559 3183 1694 3225; x_wconf 88' lang='lat' dir='ltr'>cum</span> <span class='ocrx_word' id='word_1_267' title='bbox 1726 3161 2096 3223; x_wconf 81' lang='lat' dir='ltr'>dissensione</span> <span class='ocrx_word' id='word_1_268' title='bbox 2124 3171 2188 3221; x_wconf 92' lang='lat' dir='ltr'>et</span> <span class='ocrx_word' id='word_1_269' title='bbox 2213 3158 2556 3237; x_wconf 86' lang='lat' dir='ltr'>discrepan-</span> 
     </span>
     <span class='ocr_line' id='line_1_30' title="bbox 342 3245 2558 3341; baseline -0.004 -19"><span class='ocrx_word' id='word_1_270' title='bbox 342 3262 453 3335; x_wconf 79' lang='lat' dir='ltr'>tia,</span> <span class='ocrx_word' id='word_1_271' title='bbox 479 3271 611 3322; x_wconf 88' lang='lat' dir='ltr'>tum</span> <span class='ocrx_word' id='word_1_272' title='bbox 635 3272 973 3321; x_wconf 79' lang='lat' dir='ltr'>monstrosa</span> <span class='ocrx_word' id='word_1_273' title='bbox 998 3245 1427 3322; x_wconf 82' lang='lat' dir='ltr'>alicubietiam</span> <span class='ocrx_word' id='word_1_274' title='bbox 1454 3260 1912 3341; x_wconf 82' lang='lat' dir='ltr'>depravatione:</span> <span class='ocrx_word' id='word_1_275' title='bbox 1940 3271 2010 3321; x_wconf 90' lang='lat' dir='ltr'>ut</span> <span class='ocrx_word' id='word_1_276' title='bbox 2030 3259 2153 3319; x_wconf 85' lang='lat' dir='ltr'>suis</span> <span class='ocrx_word' id='word_1_277' title='bbox 2181 3257 2331 3319; x_wconf 85' lang='lat' dir='ltr'>locis</span> <span class='ocrx_word' id='word_1_278' title='bbox 2359 3264 2558 3316; x_wconf 87' lang='lat' dir='ltr'>osten-</span> 
     </span>
     <span class='ocr_line' id='line_1_31' title="bbox 350 3345 2560 3440; baseline -0.002 -23"><span class='ocrx_word' id='word_1_279' title='bbox 350 3357 588 3419; x_wconf 73' lang='lat' dir='ltr'>demus.</span> <span class='ocrx_word' id='word_1_280' title='bbox 660 3358 841 3427; x_wconf 89' lang='lat' dir='ltr'>Quod</span> <span class='ocrx_word' id='word_1_281' title='bbox 870 3375 976 3419; x_wconf 86' lang='lat' dir='ltr'>cur</span> <span class='ocrx_word' id='word_1_282' title='bbox 997 3358 1243 3419; x_wconf 84' lang='lat' dir='ltr'>tandem</span> <span class='ocrx_word' id='word_1_283' title='bbox 1268 3377 1363 3419; x_wconf 89' lang='lat' dir='ltr'>me</span> <span class='ocrx_word' id='word_1_284' title='bbox 1391 3358 1562 3420; x_wconf 80' lang='lat' dir='ltr'>fateri</span> <span class='ocrx_word' id='word_1_285' title='bbox 1588 3345 1845 3437; x_wconf 78' lang='lat' dir='ltr'>ingenue</span> <span class='ocrx_word' id='word_1_286' title='bbox 1871 3355 2141 3440; x_wconf 66' lang='lat' dir='ltr'>pudeat?</span> <span class='ocrx_word' id='word_1_287' title='bbox 2187 3355 2305 3415; x_wconf 89' lang='lat' dir='ltr'>Par</span> <span class='ocrx_word' id='word_1_288' title='bbox 2332 3363 2427 3415; x_wconf 85' lang='lat' dir='ltr'>est</span> <span class='ocrx_word' id='word_1_289' title='bbox 2452 3372 2560 3413; x_wconf 79' lang='lat' dir='ltr'>au-</span> 
     </span>
     <span class='ocr_line' id='line_1_32' title="bbox 345 3451 2560 3535; baseline -0 -21"><span class='ocrx_word' id='word_1_290' title='bbox 345 3464 491 3529; x_wconf 82' lang='lat' dir='ltr'>tem,</span> <span class='ocrx_word' id='word_1_291' title='bbox 532 3455 695 3535; x_wconf 85' lang='lat' dir='ltr'>quod</span> <span class='ocrx_word' id='word_1_292' title='bbox 739 3455 993 3535; x_wconf 65' lang='lat' dir='ltr'>publicae</span> <span class='ocrx_word' id='word_1_293' title='bbox 1038 3476 1073 3515; x_wconf 87' lang='lat' dir='ltr'>a</span> <span class='ocrx_word' id='word_1_294' title='bbox 1117 3456 1290 3516; x_wconf 85' lang='lat' dir='ltr'>nobis</span> <span class='ocrx_word' id='word_1_295' title='bbox 1341 3456 1741 3516; x_wconf 83' lang='lat' dir='ltr'>studiosorum</span> <span class='ocrx_word' id='word_1_296' title='bbox 1777 3453 2016 3516; x_wconf 87' lang='lat' dir='ltr'>utilitati</span> <span class='ocrx_word' id='word_1_297' title='bbox 2060 3454 2254 3528; x_wconf 87' lang='lat' dir='ltr'>datur,</span> <span class='ocrx_word' id='word_1_298' title='bbox 2295 3452 2357 3512; x_wconf 84' lang='lat' dir='ltr'>id</span> <span class='ocrx_word' id='word_1_299' title='bbox 2383 3451 2560 3532; x_wconf 87' lang='lat' dir='ltr'>quale</span> 
     </span>
     <span class='ocr_line' id='line_1_33' title="bbox 349 3543 2560 3632; baseline -0.002 -19"><span class='ocrx_word' id='word_1_300' title='bbox 349 3543 528 3613; x_wconf 64' lang='lat' dir='ltr'>etiam</span> <span class='ocrx_word' id='word_1_301' title='bbox 555 3570 816 3632; x_wconf 76' lang='lat' dir='ltr'>cumque</span> <span class='ocrx_word' id='word_1_302' title='bbox 838 3554 980 3612; x_wconf 81' lang='lat' dir='ltr'>boni</span> <span class='ocrx_word' id='word_1_303' title='bbox 1009 3554 1340 3614; x_wconf 82' lang='lat' dir='ltr'>consulere.</span> <span class='ocrx_word' id='word_1_304' title='bbox 1400 3552 1656 3614; x_wconf 71' lang='lat' dir='ltr'>Praeste‘t</span> <span class='ocrx_word' id='word_1_305' title='bbox 1684 3553 1835 3614; x_wconf 88' lang='lat' dir='ltr'>alius</span> <span class='ocrx_word' id='word_1_306' title='bbox 1864 3552 2074 3632; x_wconf 81' lang='lat' dir='ltr'>quivis,</span> <span class='ocrx_word' id='word_1_307' title='bbox 2103 3561 2390 3632; x_wconf 90' lang='lat' dir='ltr'>quantum</span> <span class='ocrx_word' id='word_1_308' title='bbox 2417 3567 2560 3609; x_wconf 81' lang='lat' dir='ltr'>nos:</span> 
     </span>
     <span class='ocr_line' id='line_1_34' title="bbox 349 3634 2559 3729; baseline -0.002 -21"><span class='ocrx_word' id='word_1_309' title='bbox 349 3663 468 3708; x_wconf 82' lang='lat' dir='ltr'>nec</span> <span class='ocrx_word' id='word_1_310' title='bbox 493 3648 760 3710; x_wconf 82' lang='lat' dir='ltr'>dubitem</span> <span class='ocrx_word' id='word_1_311' title='bbox 782 3634 944 3710; x_wconf 75' lang='lat' dir='ltr'>omni</span> <span class='ocrx_word' id='word_1_312' title='bbox 968 3651 1402 3712; x_wconf 74' lang='lat' dir='ltr'>asseveratione</span> <span class='ocrx_word' id='word_1_313' title='bbox 1420 3651 1792 3722; x_wconf 82' lang='lat' dir='ltr'>confirmare,</span> <span class='ocrx_word' id='word_1_314' title='bbox 1817 3667 2024 3729; x_wconf 82' lang='lat' dir='ltr'>parum</span> <span class='ocrx_word' id='word_1_315' title='bbox 2051 3648 2207 3708; x_wconf 87' lang='lat' dir='ltr'>adeo</span> <span class='ocrx_word' id='word_1_316' title='bbox 2226 3648 2369 3718; x_wconf 82' lang='lat' dir='ltr'>fore,</span> <span class='ocrx_word' id='word_1_317' title='bbox 2394 3643 2559 3723; x_wconf 86' lang='lat' dir='ltr'>quod</span> 
     </span>
     <span class='ocr_line' id='line_1_35' title="bbox 351 3742 2561 3823; baseline -0.002 -20"><span class='ocrx_word' id='word_1_318' title='bbox 351 3745 422 3803; x_wconf 74' lang='lat' dir='ltr'>in</span> <span class='ocrx_word' id='word_1_319' title='bbox 439 3742 716 3805; x_wconf 81' lang='lat' dir='ltr'>Terentio</span> <span class='ocrx_word' id='word_1_320' title='bbox 742 3746 876 3823; x_wconf 75' lang='lat' dir='ltr'>quis</span> <span class='ocrx_word' id='word_1_321' title='bbox 901 3747 1237 3809; x_wconf 82' lang='lat' dir='ltr'>desiderare</span> <span class='ocrx_word' id='word_1_322' title='bbox 1276 3747 1514 3806; x_wconf 51' lang='lat' dir='ltr'>habeat,</span> <span class='ocrx_word' id='word_1_323' title='bbox 1598 3748 1834 3807; x_wconf 85' lang='lat' dir='ltr'>Variam</span> <span class='ocrx_word' id='word_1_324' title='bbox 1874 3744 2166 3806; x_wconf 83' lang='lat' dir='ltr'>interdurn</span> <span class='ocrx_word' id='word_1_325' title='bbox 2194 3764 2268 3803; x_wconf 84' lang='lat' dir='ltr'>ex</span> <span class='ocrx_word' id='word_1_326' title='bbox 2295 3751 2561 3801; x_wconf 83' lang='lat' dir='ltr'>veterum</span> 
     </span>
     <span class='ocr_line' id='line_1_36' title="bbox 355 3840 2560 3922; baseline -0.003 -20"><span class='ocrx_word' id='word_1_327' title='bbox 355 3852 668 3902; x_wconf 75' lang='lat' dir='ltr'>auctorum</span> <span class='ocrx_word' id='word_1_328' title='bbox 696 3841 1099 3913; x_wconf 77' lang='lat' dir='ltr'>citationibus,</span> <span class='ocrx_word' id='word_1_329' title='bbox 1139 3853 1201 3904; x_wconf 89' lang='lat' dir='ltr'>et</span> <span class='ocrx_word' id='word_1_330' title='bbox 1245 3843 1625 3922; x_wconf 73' lang='lat' dir='ltr'>antiqtiorum</span> <span class='ocrx_word' id='word_1_331' title='bbox 1652 3843 1804 3902; x_wconf 90' lang='lat' dir='ltr'>inter</span> <span class='ocrx_word' id='word_1_332' title='bbox 1832 3862 1897 3902; x_wconf 89' lang='lat' dir='ltr'>se</span> <span class='ocrx_word' id='word_1_333' title='bbox 1924 3840 2196 3901; x_wconf 85' lang='lat' dir='ltr'>codicum</span> <span class='ocrx_word' id='word_1_334' title='bbox 2225 3855 2560 3919; x_wconf 84' lang='lat' dir='ltr'>repugnan-</span> 
     </span>
     <span class='ocr_line' id='line_1_37' title="bbox 354 3938 2561 4019; baseline 0 -21"><span class='ocrx_word' id='word_1_335' title='bbox 354 3939 465 4012; x_wconf 84' lang='lat' dir='ltr'>tia,</span> <span class='ocrx_word' id='word_1_336' title='bbox 505 3939 824 3999; x_wconf 85' lang='lat' dir='ltr'>lectionem</span> <span class='ocrx_word' id='word_1_337' title='bbox 848 3939 1104 4002; x_wconf 84' lang='lat' dir='ltr'>indicavi</span> <span class='ocrx_word' id='word_1_338' title='bbox 1130 3960 1147 4001; x_wconf 75' lang='lat' dir='ltr'>t</span> <span class='ocrx_word' id='word_1_339' title='bbox 1190 3942 1274 4001; x_wconf 86' lang='lat' dir='ltr'>ita</span> <span class='ocrx_word' id='word_1_340' title='bbox 1302 3940 1567 4014; x_wconf 82' lang='lat' dir='ltr'>demum,</span> <span class='ocrx_word' id='word_1_341' title='bbox 1591 3939 1736 4019; x_wconf 87' lang='lat' dir='ltr'>quid</span> <span class='ocrx_word' id='word_1_342' title='bbox 1765 3939 1907 3998; x_wconf 88' lang='lat' dir='ltr'>mihi</span> <span class='ocrx_word' id='word_1_343' title='bbox 1936 3939 2224 4010; x_wconf 84' lang='lat' dir='ltr'>videatur,</span> <span class='ocrx_word' id='word_1_344' title='bbox 2254 3938 2561 4017; x_wconf 85' lang='lat' dir='ltr'>conjectu·</span> 
     </span>
     <span class='ocr_line' id='line_1_38' title="bbox 355 4035 2562 4116; baseline 0 -21"><span class='ocrx_word' id='word_1_345' title='bbox 355 4037 443 4095; x_wconf 82' lang='lat' dir='ltr'>ris</span> <span class='ocrx_word' id='word_1_346' title='bbox 469 4036 718 4097; x_wconf 86' lang='lat' dir='ltr'>subditis</span> <span class='ocrx_word' id='word_1_347' title='bbox 749 4038 1094 4112; x_wconf 87' lang='lat' dir='ltr'>ostendens,</span> <span class='ocrx_word' id='word_1_348' title='bbox 1135 4038 1383 4098; x_wconf 83' lang='lat' dir='ltr'>liberum</span> <span class='ocrx_word' id='word_1_349' title='bbox 1425 4052 1496 4099; x_wconf 79' lang='lat' dir='ltr'>nt</span> <span class='ocrx_word' id='word_1_350' title='bbox 1535 4047 1732 4097; x_wconf 88' lang='lat' dir='ltr'>tamen</span> <span class='ocrx_word' id='word_1_351' title='bbox 1776 4036 1987 4097; x_wconf 84' lang='lat' dir='ltr'>lectori·</span> <span class='ocrx_word' id='word_1_352' title='bbox 2013 4035 2302 4116; x_wconf 86' lang='lat' dir='ltr'>judicium</span> <span class='ocrx_word' id='word_1_353' title='bbox 2332 4052 2562 4115; x_wconf 86' lang='lat' dir='ltr'>semper</span> 
     </span>
     <span class='ocr_line' id='line_1_39' title="bbox 357 4132 2564 4213; baseline 0 -23"><span class='ocrx_word' id='word_1_354' title='bbox 357 4132 713 4211; x_wconf 79' lang='lat' dir='ltr'>relinquam.</span> <span class='ocrx_word' id='word_1_355' title='bbox 783 4134 920 4201; x_wconf 81' lang='lat' dir='ltr'>Qua</span> <span class='ocrx_word' id='word_1_356' title='bbox 947 4134 1003 4193; x_wconf 88' lang='lat' dir='ltr'>in</span> <span class='ocrx_word' id='word_1_357' title='bbox 1034 4151 1097 4194; x_wconf 82' lang='lat' dir='ltr'>re</span> <span class='ocrx_word' id='word_1_358' title='bbox 1118 4133 1259 4193; x_wconf 89' lang='lat' dir='ltr'>mihi</span> <span class='ocrx_word' id='word_1_359' title='bbox 1287 4133 1432 4193; x_wconf 85' lang='lat' dir='ltr'>nihil</span> <span class='ocrx_word' id='word_1_360' title='bbox 1461 4134 1573 4193; x_wconf 81' lang='lat' dir='ltr'>fuit</span> <span class='ocrx_word' id='word_1_361' title='bbox 1602 4134 1821 4213; x_wconf 88' lang='lat' dir='ltr'>potius,</span> <span class='ocrx_word' id='word_1_362' title='bbox 1852 4151 2030 4213; x_wconf 90' lang='lat' dir='ltr'>quam</span> <span class='ocrx_word' id='word_1_363' title='bbox 2059 4144 2128 4192; x_wconf 91' lang='lat' dir='ltr'>ut</span> <span class='ocrx_word' id='word_1_364' title='bbox 2156 4133 2402 4204; x_wconf 88' lang='lat' dir='ltr'>Donati,</span> <span class='ocrx_word' id='word_1_365' title='bbox 2432 4133 2564 4191; x_wconf 85' lang='lat' dir='ltr'>ubi·</span> 
     </span>
     <span class='ocr_line' id='line_1_40' title="bbox 294 4220 2561 4311; baseline -0 -24"><span class='ocrx_word' id='word_1_366' title='bbox 294 4262 302 4268; x_wconf 95' lang='lat'>·</span> <span class='ocrx_word' id='word_1_367' title='bbox 358 4243 615 4308; x_wconf 78' lang='lat' dir='ltr'>eumque</span> <span class='ocrx_word' id='word_1_368' title='bbox 634 4228 858 4303; x_wconf 83' lang='lat' dir='ltr'>liceret,</span> <span class='ocrx_word' id='word_1_369' title='bbox 879 4229 1058 4290; x_wconf 83' lang='lat' dir='ltr'>fldem</span> <span class='ocrx_word' id='word_1_370' title='bbox 1093 4247 1391 4311; x_wconf 73' lang='lat' dir='ltr'>sequerer,</span> <span class='ocrx_word' id='word_1_371' title='bbox 1420 4220 1755 4311; x_wconf 82' lang='lat' dir='ltr'>interpretis</span> <span class='ocrx_word' id='word_1_372' title='bbox 1779 4231 2192 4311; x_wconf 83' lang='lat' dir='ltr'>undecumque</span> <span class='ocrx_word' id='word_1_373' title='bbox 2215 4227 2561 4300; x_wconf 84' lang='lat' dir='ltr'>doctissimi,</span> 
     </span>
     <span class='ocr_line' id='line_1_41' title="bbox 498 4341 2433 4427; baseline 0.004 -36"><span class='ocrx_word' id='word_1_374' title='bbox 498 4341 672 4407; x_wconf 73' lang='lat' dir='ltr'>Delph.</span> <span class='ocrx_word' id='word_1_375' title='bbox 693 4348 743 4393; x_wconf 76' lang='lat' dir='ltr'>et</span> <span class='ocrx_word' id='word_1_376' title='bbox 767 4341 880 4394; x_wconf 67' lang='lat' dir='ltr'>Ver.</span> <span class='ocrx_word' id='word_1_377' title='bbox 903 4344 1032 4395; x_wconf 70' lang='lat' dir='ltr'>Clas.</span> <span class='ocrx_word' id='word_1_378' title='bbox 1237 4389 1250 4400; x_wconf 89' lang='lat'>.</span> <span class='ocrx_word' id='word_1_379' title='bbox 1392 4345 1587 4427; x_wconf 51' lang='lat' dir='ltr'>Terent..</span> <span class='ocrx_word' id='word_1_380' title='bbox 2404 4343 2433 4392; x_wconf 86' lang='grc' dir='ltr'>Ῑ</span> 
     </span>
    </p>
   </div>
  </div>
 </body>
</html>
