3050 4942
501 350 630 417 180
1225 361 1434 414 ,mvn
1482 339 1955 412 cAsrrsA‘rro'.

497 511 572 570 ab
601 523 788 587 eoque
817 526 891 568 ne
919 513 1314 571 transversum
1344 504 1602 585 quidem,
1647 514 1713 565 ut
1757 505 1942 579 aiunt,
1987 503 2235 585 digitum
2282 503 2643 566 discederem
2671 523 2686 564 ε

498 607 604 667 sed
633 606 780 666 citra
805 601 1278 684 superstitionem
1309 611 1527 674 tamen,
1552 611 1613 662 et
1639 621 1774 662 cum
1793 600 2022 681 judicio
2052 622 2299 682 semper.
2385 603 2705 672 Ceterum,'

494 723 629 764 curn
658 703 971 783 plerosque
999 701 1124 760 fore
1153 700 1537 780 suspicemur,
1565 699 1689 779 qui,
1721 699 1881 778 quod
1911 699 2184 760 carminis
2207 698 2493 759 rationem
2520 699 2691 778 igno-

494 810 644 872 rent,
686 800 784 859 vix
827 809 963 880 apte
991 798 1135 858 satis
1164 797 1257 857 his
1288 796 1361 857 de
1391 797 1568 857 rebus
1607 796 1876 876 judicare
1905 807 2164 876 queant:
2208 797 2409 855 visum·
2428 805 2521 855 est
2550 796 2692 855 sub-

484 895 671 975 jicere
714 896 1002 956 nonnulla
1044 894 1162 968 hic,
1204 915 1340 975 quae
1383 894 1548 954 velut
1577 894 1824 974 januam
1867 894 2247 975 patefaciant,
2294 904 2355 952 et
2399 894 2576 964 viam,
2623 902 2694 951 ut

494 994 729 1066 dicitur,
771 990 1167 1073 praemuniant
1208 991 1700 1072 imperitioribus:
1745 1011 1865 1072 quo
1907 992 2123 1053 certius
2170 992 2243 1052 de
2286 991 2691 1071 recognitione

495 1101 701 1151 nostra
733 1088 1021 1169 judicium
1050 1089 1245 1148 facere
1274 1097 1335 1148 et
1364 1087 1718 1147 sententiam
1747 1088 1896 1148 serre
1935 1089 2185 1169 possint.
2267 1089 2455 1167 Igitur
2477 1087 2693 1148 cornici

495 1188 744 1248 Plautus
774 1195 836 1247 et
860 1186 1169 1246 Terentius
1200 1196 1386 1245 metro
1414 1186 1535 1245 fere
1561 1194 1805 1245 utuntur
1834 1187 1926 1246 vel
1956 1188 2227 1260 iambic0,
2249 1187 2342 1246 vel
2370 1185 2690 1256 trochaico,

490 1285 587 1346 vel
615 1294 863 1363 utroque
892 1281 1062 1343 simul
1091 1282 1360 1343 confuso.
1447 1283 1772 1344 Iambicum
1800 1284 1893 1345 vel
1920 1295 2348 1352 monometrum
2375 1292 2488 1355 est,
2525 1281 2690 1361 quod

493 1382 727 1442 duobus
756 1379 1004 1460 pedibus
1034 1379 1395 1459 simplicibus
1424 1391 1697 1441 constat:
1728 1382 1819 1441 vel
1850 1382 2182 1452 dimetrum,
2210 1380 2370 1460 quod
2399 1388 2689 1459 quatuor:

491 1481 587 1541 vel
616 1480 960 1553 trimetrum,
989 1477 1148 1558 quod
1179 1497 1306 1551 sex,
1325 1503 1330 1510 ·
1347 1478 1448 1558 qui
1478 1488 1540 1538 et
1567 1480 1781 1540 senarii
1809 1480 2087 1541 dicuntur
2117 1480 2208 1540 M.
2233 1478 2426 1538 Tullio
2454 1488 2516 1537 et
2543 1477 2689 1537 Fab.

494 1577 894 1647 Quintiliano:
936 1576 1031 1636 vel
1074 1585 1500 1648 tetrametrum,-
1547 1577 1708 1657 quod
1753 1588 1931 1646 octo:
1974 1578 2076 1658 qui
2104 1586 2166 1637 et
2192 1574 2695 1656 quadratiappel-

489 1674 706 1748 lantur‚
735 1684 794 1735 et
822 1673 1125 1734 octonarii.
1209 1674 1299 1733 Ex
1327 1674 1493 1735 hisce
1521 1675 1785 1735 trimetro
1812 1676 2023 1736 comici
2049 1684 2112 1735 et
2139 1680 2476 1735 tetrametro
2503 1672 2692 1731 maxi·

489 1790 583 1834 me
611 1780 895 1833 utuntur:
936 1770 1068 1831 aliis
1102 1791 1255 1846 raro,
1299 1781 1360 1833 et
1385 1773 1445 1831 in
1474 1771 1670 1833 medio
1699 1773 1819 1831 fere
1846 1772 2045 1850 (sicuti
2076 1771 2412 1831 Priscianus
2439 1780 2694 1830 annota·
2720 1765 2723 1776 ’

489 1868 600 1944 vit)
626 1867 1023 1929 distinctionis
1045 1888 1257 1929 causa.
1342 1868 1636 1937 Quodad
1684 1867 1866 1948 pedes
1911 1869 2125 1930 attinet
2166 1868 2422 1939 iambici,
2472 1872 2693 1946 magna

488 1963 759 2028 libertate
787 1964 1425 2025 comici'indifferenter
1470 1965 1662 2025 ubivis
1706 1976 1956 2045 ponunt,
2003 1965 2285 2038 iambum,
2329 1963 2693 2044 tribrachyn,

491 2070 883 2139 anapaestum,
906 2060 1231 2140 dactylum,
1254 2061 1604 2140 spondaeum
1630 2062 1737 2122 :in
1758 2063 1874 2122 fine
1896 2064 2255 2142 plerumque,
2278 2061 2690 2148 aut·iambum,

491 2165 594 2217 aut
638 2155 1055 2236 pyrrhichium,
1099 2175 1403 2234 nunquam
1446 2157 1562 2216 nisi
1609 2156 1668 2216 in
1714 2169 1990 2217 scazonte
2036 2152 2408 2237 spondaeum.
2497 2155 2719 2217 Utitur*

492 2251 800 2313 Terentius
830 2270 990 2332 saepe
1019 2253 1078 2312 in
1108 2253 1383 2327 iambico,
1414 2253 1567 2332 pede
1597 2263 1850 2333 quatuor
1877 2255 2233 2336 syllabarum
2263 2255 2528 2314 brevium
2555 2264 2693 2335 pro·'

491 2348 933 2421 celeusmaticO,
973 2348 1153 2430 idque
1203 2369 1308 2428 per
1360 2349 1778 2410 resolutionem
1831 2352 2138 2431 spondaei:
2201 2362 2269 2411 ut
2314 2351 2375 2410 in
2420 2351 2650 2411 Andria
2675 2347 2717 2413 τ’

493 2453 512 2482 ‘
538 2446 706 2506 Mala
732 2451 924 2520 men's,
947 2446 1140 2507 malus
1169 2448 1422 2519 animus,
1450 2467 1625 2527 quem
1655 2448 1892 2527 quidem
1922 2469 2036 2529 ego
2064 2448 2115 2509 si
2145 2468 2386 2509 sensero
2407 2448 2443 2509 ε’
2469 2449 2569 2508 hic
2597 2470 2693 2513 se*-

490 2543 692 2603 cundo
715 2544 851 2604 loco
879 2553 972 2604 est
1000 2545 1584 2623 proceleusmaticus.
1668 2546 1736 2604 In
1767 2547 1974 2607 eadem
2002 2566 2018 2606 :
2062 2543 2235 2606 ‘Tibi
2283 2565 2564 2626 generum
2592 2547 2694 2605 fir-

489 2657 672 2712 mum,
702 2641 925 2701 eufiliae
953 2641 1217 2703 invenies
1246 2643 1432 2703 virum
1456 2644 1493 2703 :'
1531 2643 1632 2705 hic
1674 2644 1861 2723 prima
1904 2644 2144 2723 regione
2179 2642 2338 2703 idem
2368 2639 2494 2722 pes.
2581 2641 2711 2703 Est

490 2751 688 2798 autem
715 2739 938 2818 duplex
964 2739 1199 2800 iambici
1226 2760 1451 2820 genus:
1484 2740 1733 2801 alterum
1755 2751 1980 2800 rectum
2003 2740 2401 2820 perfectumve
2423 2749 2694 2815 vocatur,

487 2835 735 2895 alterum
759 2836 990 2898 ’σκᾶἓον
1015 2837 1052 2905 ἢ
1080 2835 1427 2916 χωλίαμβον
1451 2857 1468 2896 :
1528 2835 1699 2915 cujus
1747 2834 2130 2914 penultimam
2176 2835 2236 2895 in
2285 2836 2403 2896 fine
2445 2835 2713 2915 longam'

489 2949 623 2989 esse
651 2937 902 3008 oportet.
989 2930 1306 3010 Utriusque
1337 2931 1602 2990 meminit
1631 2930 1902 3003 Ovidius,
1951 2951 2087 2991 cum
2137 2932 2317 3004 canit,
2366 2939 2382 2965 ‘
2410 2932 2584 2992 Liber
2627 2932 2691 2990 in

488 3025 769 3085 adversos
798 3024 1002 3084 hostes
1033 3024 1354 3105 stringatur
1381 3027 1634 3096 iambus,
1662 3027 1781 3085 Seu
1809 3025 1986 3098 celer,
2008 3035 2329 3086 extremum
2359 3046 2466 3087 seu
2493 3015 2717 3088 trahat¹

483 3120 584 3181 ille
611 3121 866 3201 pedem.’
947 3121 1141 3181 Utitur
1190 3121 1514 3182 identidem
1564 3125 1755 3203 poeta¹
1785 3121 2037 3183 iambico
2063 3132 2400 3184 tetrametro
2428 3124 2693 3186 catalec—

488 3217 641 3276 tico:
685 3216 886 3290 idest,
914 3216 1011 3277 cui
1042 3217 1273 3297 syllaba
1300 3219 1360 3277 in
1391 3220 1510 3279 fine
1539 3219 1732 3280 desit:
1763 3239 1883 3300 quo
1909 3221 1971 3279 in
1997 3220 2366 3291 catalectico,
2397 3220 2508 3281 sibi
2536 3221 2694 3282 inter

488 3312 605 3373 alia
631 3312 747 3374 hoc
775 3332 1013 3394 quoque
1038 3315 1340 3394 permittit,
1384 3325 1452 3376 ut
1476 3336 1585 3397 pro
1614 3317 1940 3397 penultima
1975 3317 2159 3398 longa
2183 3318 2347 3377 haud
2373 3337 2505 3378 raro
2535 3318 2692 3378 duas

486 3411 692 3471 breves
718 3421 924 3490 ponat,
971 3411 1136 3490 quod
1172 3412 1346 3472 facile
1374 3413 1477 3491 qui
1503 3433 1711 3474 versus
1738 3414 1801 3472 in
1832 3433 1974 3473 suos
2001 3413 2187 3495 pedes
2215 3412 2481 3493 digerere
2509 3415 2692 3488 volet,

488 3508 577 3567 sic
608 3509 827 3569 habere
871 3510 1213 3589 comperiet.
1299 3510 1367 3568 In
1419 3510 1731 3571 trochaicis
1775 3511 1986 3572 comici
2031 3511 2349 3571 indiscrete
2389 3510 2692 3572 interdum

486 3604 778 3686 dactylos,
824 3606 915 3666 vel
958 3606 1252 3666 trochaeos
1304 3618 1557 3685 ponunt,
1598 3610 1871 3669 nimirum
1916 3627 2036 3688 quo
2087 3628 2259 3688 paene
2304 3608 2603 3668 dissoluta
2631 3617 2717 3667 et⁸

484 3700 746 3779 pedestri
775 3700 1071 3761 simillima
1097 3722 1232 3761 esse
1277 3702 1548 3764 videatur
1586 3724 1967 3783 personarum
2014 3704 2469 3765 sermocinatio:
2517 3703 2721 3783 cujus‘

481 3796 609 3874 ipse
638 3795 977 3856 Priscianus
1006 3797 1290 3870 meminit,
1333 3799 1493 3877 apud
1541 3819 1717 3877 quem
1744 3800 2080 3859 Victorinus
2110 3817 2231 3857 non
2259 3799 2457 3859 minus
2483 3799 2690 3872 libere,

487 3908 664 3966 quam
693 3908 828 3950 vere
858 3892 962 3965 ait,
987 3893 1252 3966 comiciS,
1280 3892 1421 3951 dum
1449 3893 1861 3971 quotidianum
1883 3912 2212 3954 sermonem
2239 3893 2454 3953 imitari
2485 3894 2692 3954 nitun-

486 3993 602 4056 tur,
642 3995 831 4044 metra
858 3987 1062 4048 vitiare
1092 3989 1310 4061 studio,
1352 4007 1474 4048 non
1504 3987 1830 4067 imperitia:
1873 3989 2036 4069 quod
2063 3999 2125 4049 et
2149 3990 2539 4050 Terentianus
2567 4001 2691 4050 tes-

486 4091 646 4144 tatur
671 4080 835 4141 hisce
863 4085 1126 4145 versibus
1154 4104 1169 4144 ε
1215 4092 1232 4120 ‘
1259 4084 1583 4163 Fidemque
1612 4085 1764 4144 fictis
1793 4085 1933 4146 dum
1976 4096 2294 4166 procurant
2333 4086 2571 4159 fabulis,
2616 4088 2689 4148 In

488 4186 674 4238 metro
717 4189 968 4257 peccant
1000 4190 1146 4253 arte,
1176 4200 1293 4240 non
1328 4181 1604 4242 inscitia!
1683 4182 1877 4244 Tanta
1904 4193 2101 4245 autem
2130 4184 2387 4246 affinitas
2416 4197 2509 4245 est
2533 4185 2690 4246 inter
