3050 4942
524 428 655 502 496
1076 443 1087 450 ’
1142 455 1149 462 ·
1276 442 1337 490 ι».
1384 439 1749 492 rnnnwru
1794 439 1976 488 Arm

527 594 671 658 GN.
717 590 887 657 Illuc
918 592 1021 655 est
1049 587 1326 672 sapere!
1369 591 1449 651 ut
1493 584 1706 695 hosce
1751 583 2094 663 instruxit,
2140 584 2336 670 ipsus
2357 585 2509 652 'sibi
2538 586 2729 653 cavit

783 694 957 758 loco.

524 801 717 870 Tun.
764 797 963 864 Idem.
1012 795 1140 859 hoc
1177 793 1327 880 Jam
1375 793 1666 879 Pyrrhus
1705 791 2067 858 factitavit.
2157 789 2293 856 CH.
2336 791 2578 858 Viden’
2622 800 2722 870 tu,
2763 871 2772 876 ἢ

782 891 1014 975 Thais»,
1047 918 1248 982 quam
1277 897 1388 962 hic
1419 917 1560 962 rem
1592 897 1772 978 agit‘t
2469 945 2478 956 .
2561 897 2566 900 ’

526 1004 859 1070 Nimirum
891 1000 1251 1066 consilium
1276 999 1446 1063 illud
1466 1006 1718 1064 rectum
1750 1004 1861 1062 est
1881 997 1964 1061 de
1987 998 2420 1064 occludendis
2443 998 2722 1065 aedibus·

523 1108 717 1174 ΤΗΑ.
779 1104 982 1184 Sane,
1030 1103 1214 1186 quod
1259 1103 1378 1166 tibi
1422 1121 1603 1166 nunc
1651 1101 1752 1167 vir
1793 1100 2097 1165 videatur
2132 1121 2281 1167 esse
2308 1102 2442 1181 hic,
2465 1101 2724 1178 ,nebulo

783 1224 1064 1288 magnus
1114 1212 1237 1269 est.
2641 1204 2730 1268 15

525 1311 639 1377 Ne
668 1314 951 1376 metuas.
1041 1305 1175 1369 cn.
1224 1305 1405 1385 Quid
1431 1307 1746 1372 videtur?
1834 1305 2027 1371 ΤΗΑ.
2077 1306 2378 1372 Fundam
2401 1307 2526 1373 tibi
2549 1325 2726 1371 nunc

783 1410 983 1474 nimis
1015 1411 1256 1474 vellem
1288 1410 1453 1489 dari,
2491 1481 2496 1490 ¹
2629 1435 2633 1440 ·

525 1516 622 1582 Ut
648 1520 720 1579 tu
748 1513 904 1578 illos
936 1513 1169 1596 procul
1197 1512 1349 1577 hinc
1371 1532 1458 1576 ex
1491 1512 1766 1577 occulto
1794 1510 2129 1578 caederes:
2160 1509 2724 1596 facerentfugam.

523 1619 716 1683 Tun.
763 1614 900 1680 Sed
931 1634 1159 1680 eccam
1185 1613 1515 1678 Thaidem
1548 1614 1767 1699 ipsam
1798 1614 2022 1679 video.
2112 1613 2256 1684 GN.
2303 1612 2531 1692 Quam
2559 1633 2726 1678 mox

780 1717 1090 1782 irruimus
1116 1718 1146 1780 t
1237 1716 1432 1782 Tun.
1485 1715 1715 1781 Mane.

519 1901 706 1950 dentem
723 1915 840 1950 esse.
911 1900 1064 1957 Quum
1095 1907 1223 1951 recte
1259 1902 1436 1951 milites
1471 1898 1737 1965 disposuit!
1785 1916 1925 1964 quam
1956 1902 2203 1964 prospexit
2234 1899 2327 1949 sibi
2359 1904 2461 1949 tuto
2498 1899 2554 1949 in
2596 1894 2731 1947 loco!

519 1966 667 2014 Tua.
696 1967 810 2027 ‚Hoc
832 1966 955 2015 idem
978 1966 1199 2030 Pyrrhus
1219 1968 1498 2029 observavit,
1521 1968 1644 2016 ltunc
1666 1966 1876 2015 ordinem
1893 1967 2062 2016 tenuit.
2119 1968 2223 2016 CH.
2259 1966 2538 2023 Videsnetu,
2565 1964 2734 2022 Thais,

521 2031 636 2093 quid
656 2036 773 2092 agat
798 2033 990 2093 Thraso,
1004 2036 1057 2079 ut
1080 2047 1162 2080 nos
1181 2031 1455 2095 oppugnet?
1490 2033 1631 2080 certe
1666 2035 1874 2094 prudens
1894 2032 2134 2081 consilium
2158 2036 2245 2087 est,
2281 2046 2365 2079 nos
2393 2030 2522 2079 intra
2544 2031 2727 2078 domum

519 2095 742 2158 recipere,
766 2102 813 2144 ct
822 2096 958 2154 sores
977 2097 1230 2146 occludere.
1297 2098 1409 2146 ΤΗ.
1447 2096 1574 2145 Sane
1606 2097 1682 2145 hic
1704 2112 1851 2145 vanus
1879 2104 2089 2158 nugator
2111 2102 2177 2145 est
2191 2113 2207 2143 .·
2239 2110 2323 2144 nec
2359 2100 2431 2144 est
2458 2110 2603 2144 causa
2644 2106 2726 2142 cur

517 2159 608 2207 tibi
624 2161 778 2220 fortis
802 2162 1062 2223 Imperator
1085 2178 1205 2210 nunc
1227 2177 1324 2210 esse
1353 2163 1592 2211 videatur.
1659 2163 1804 2211 TER.
1846 2163 1978 2217 Quid
2010 2174 2165 2210 censes
2177 2161 2475 2220 faciendum,
2503 2159 2729 2208 Gnatho?

520 2222 630 2271 Gn.
668 2226 887 2273 Fundam
907 2240 1029 2274 nunc
1051 2228 1214 2274 vellem
1232 2227 1321 2275 tibi
1341 2226 1393 2275 in
1415 2242 1582 2275 manus
1602 2227 1725 2284 dari,
1747 2232 1802 2276 ut
1822 2232 1876 2276 tu
1895 2227 2002 2275 illos
2023 2226 2228 2275 obsessos
2235 2225 2417 2285 serires
2437 2223 2730 2274 clandestino

517 2291 567 2335 et
586 2288 788 2339 latenter
800 2306 820 2348 ,·
849 2291 901 2338 in
909 2290 1090 2351 sugam
1109 2306 1160 2339 se
1181 2293 1365 2340 darent.
1432 2293 1576 2340 Tun.
1612 2292 1707 2340 Sed
1728 2306 1828 2340 ecce
1849 2292 2073 2341 Thaidem
2093 2291 2243 2356 ipsam
2259 2291 2408 2340 video.
2454 2290 2563 2340 GN.
2602 2288 2730 2346 Quin

1441 2418 1470 2442 ο
1476 2418 1809 2440 macoma
1819 2433 1824 2439 .

522 2514 639 2554 cnm
679 2500 801 2566 Pet.
836 2502 984 2551 Bent.
1049 2503 1213 2552 Delet
1255 2503 1414 2551 Both.
1456 2502 1651 2553 Instrue
1691 2504 1799 2554 hic.-
1845 2519 1931 2565 ego
1961 2518 2071 2553 cero
2112 2508 2218 2567 post
2249 2504 2473 2553 Br.—l2
2505 2503 2577 2553 G.
2613 2503 2651 2552 i.
2684 2518 2725 2552 s.

518 2583 562 2616 c.
596 2568 745 2615 locum
766 2584 785 2625 ,-
834 2575 889 2615 et
926 2582 1084 2632 supra
1129 2568 1380 2632 seriptum
1417 2572 1583 2617 cautus
1618 2570 1778 2630 elegit.
1812 2570 1976 2619 West.
2047 2569 2156 2632 Ipse
2195 2568 2285 2619 Br.
2326 2569 2483 2617 Both.
2554 2568 2730 2616 Locum

521 2630 698 2682 Guelf.
732 2636 910 2681 1.-13
946 2633 1078 2682 Idem
1121 2634 1280 2696 hocce]
1336 2631 1483 2682 Bem.
1527 2634 1651 2683 Bae..
1696 2649 1755 2682 ac
1801 2634 1898 2682 Do.
1938 2634 2071 2682 Idem
2115 2634 2198 2681 hoc
2226 2634 2368 2693 jam;
2419 2634 2504 2681 alii
2548 2633 2728 2697 scripti

516 2697 619 2746 alia
661 2695 869 2761 qu'idem
908 2700 1266 2756 collocatione,
1303 2713 1480 2746 omnes
1520 2705 1691 2747 tamen
1724 2698 1831 2761 jam
1867 2698 2076 2748 habent.
2109 2699 2204 2749 Fa.
2274 2698 2385 2747 Hoc
2416 2699 2523 2758 jam
2568 2698 2725 2748 etiam

518 2762 702 2812 nostri.
748 2763 843 2811 Vir
867 2762 1223 2813 doctus‘malit
1243 2763 1378 2812 Idem
1401 2764 1485 2812 hoc
1505 2764 1649 2813 etiam
1674 2763 1926 2827 Pyrrhus.-
1961 2770 2171 2827 poterat
2194 2764 2404 2812 meliore
2428 2777 2663 2824 numero,
2681 2768 2742 2812 et.

517 2826 753 2889 Pyrrhus.
833 2828 1080 2877 Ceterum
1133 2831 1379 2878 omittunt
1419 2828 1541 2877 hinc
1583 2828 1819 2892 plerique
1863 2828 2045 2892 scripti
2087 2842 2272 2876 nomen
2311 2828 2623 2890 Thrasonis;
2670 2835 2725 2875 ut

517 2898 686 2939 totum
709 2893 803 2940 boc
828 2891 1116 2943 Gnathonis
1143 2896 1241 2954 sit;
1278 2894 1364 2957 qui
1391 2893 1547 2942 mirus
1572 2891 1780 2955 artifex,
1814 2894 1982 2956 palam
2016 2895 2128 2942 haec
2170 2892 2476 2956 eloquendo,
2515 2899 2572 2942 et
2613 2894 2721 2941 irri-

517 2955 640 3004 deat
665 2957 813 3005 simul
837 2964 891 3006 et
916 2959 1170 3009 aduletur.
1234 2958 1332 3008 Sed
1357 2959 1507 3007 aliter
1534 2960 1774 3007 Donatus
1812 2958 1876 3006 ad
1901 2972 1953 3007 v.
1977 2962 2025 3009 8.
2051 2962 2099 3007 3.
2135 2958 2284 3007 Bent.
2351 2959 2572 3006 Temere
2592 2959 2722 3006 Dae.

516 3022 628 3072 vult
664 3022 769 3084 legi
801 3022 1022 3080 factitat.
1058 3025 1224 3072 Zeuu.
1294 3024 1543 3087 Plerique
1586 3024 1713 3072 Mss.
1755 3024 2002 3072 omittunt
2044 3036 2229 3071 nomeu
2263 3019 2556 3071 Thrasonis.
2622 3022 2722 3073 Sed

518 3087 834 3152 conveniunt
870 3087 1002 3135 bene
1039 3088 1088 3135 in
1122 3086 1398 3150 magnifice
1443 3090 1694 3152 ineptum.
1730 3088 1847 3150 Βὶρ.
1914 3088 2039 3136 Item
2080 3089 2141 3136 P.
2179 3089 2265 3135 ltoc
2288 3087 2395 3147 J'am
2435 3088 2746 3137 noun—1⁵.

517 3148 650 3198 Sunt
670 3149 807 3210 libri,
839 3149 891 3198 in
919 3152 1102 3214 quibus
1128 3160 1227 3213 est,
1261 3151 1402 3211 Sane,
1434 3155 1514 3215 qui
1538 3153 1627 3201 tibi
1648 3168 1773 3203 nunc
1794 3154 1870 3201 vir
1889 3154 2080 3201 videtur
2099 3167 2218 3213 esse,
2249 3152 2326 3200 lu'c
2349 3152 2512 3202 nebulo
2529 3166 2724 3214 mugnus

516 3218 602 3262 est.
672 3213 820 3266 Idem
855 3213 967 3277 jam
1005 3217 1120 3264 Riv.
1164 3216 1477 3266 observavit.
1515 3218 1667 3268 West.
1739 3218 1953 3281 Repone
1993 3231 2057 3266 ex
2090 3223 2220 3266 vett.
2256 3215 2390 3265 Edd.
2430 3225 2485 3265 et
2519 3217 2722 3267 Donato

517 3277 674 3327 etiam
697 3278 858 3339 Meto,
895 3287 948 3329 et
986 3295 1077 3331 sex
1111 3282 1301 3329 nostris
1335 3281 1618 3345 codicibus,
1652 3283 1781 3332 Sane
1801 3282 1884 3345 qui
1915 3281 2007 3331 tibi
2037 3297 2160 3331 nunc
2193 3282 2271 3329 vir
2301 3281 2490 3331 videtur
2522 3283 2725 3346 esse,hic

516 3342 678 3393 nebulo
699 3358 898 3405 magnus
917 3350 1004 3394 est.
1078 3346 1181 3395 Hic
1218 3347 1385 3395 omnia
1423 3349 1565 3396 clara
1600 3356 1718 3397 sunt
1757 3353 1813 3396 et
1852 3347 2157 3410 perspicua:
2202 3347 2364 3396 lectio
2387 3348 2555 3396 altera
2582 3357 2724 3397 tene·

518 3407 641 3457 bras
675 3408 870 3460 frustra
910 3408 1148 3465 offundit.
1187 3412 1328 3461 Bent.
1395 3413 1551 3477 Vulg.
1589 3414 1713 3462 lect.
1754 3413 1976 3462 obscura
2014 3420 2070 3461 et
2107 3411 2319 3475 inepta3
2362 3411 2455 3461 sed
2495 3413 2638 3461 clara
2671 3417 2723 3461 et

514 3475 796 3540 perspicua
821 3491 972 3537 quam
996 3493 1026 3526 e
1052 3478 1180 3526 Mss.
1205 3478 1474 3527 revocavit
1496 3479 1646 3526 Bent.
1681 3479 1747 3527 R.
1781 3479 1843 3527 D.
1911 3478 2069 3526 Bent.
2094 3484 2381 3541 sequuntur
2414 3477 2541 3540 Bip.
2567 3478 2718 3526 Both.

517 3547 572 3587 et
596 3539 737 3589 Peri.
762 3541 850 3604 qui
874 3549 1045 3591 monet
1066 3543 1266 3604 ,videtur
1287 3542 1378 3590 tibi
1416 3557 1531 3591 esse
1569 3544 1619 3591 in
1646 3540 1820 3592 Guelf.
1844 3546 1912 3600 2.
1958 3543 2094 3603 Esse,
2125 3543 2203 3590 hic
2225 3542 2392 3591 nebulo
2414 3542 2612 3592 Ζ.-16
2646 3543 2721 3591 Ne

516 3619 579 3653 m.
628 3605 771 3654 THR.
811 3607 872 3661 Q.
897 3606 1113 3656 videtur?
1179 3608 1287 3656 Gn.
1325 3608 1561 3671 Fundam,
1590 3611 1672 3671 ὅγε.
1708 3608 1800 3656 Br.
1825 3613 1880 3655 et
1920 3615 2111 3656 nostrae
2151 3621 2327 3655 omnes
2350 3607 2485 3657 Edd.
2512 3615 2719 3669 praeter·

513 3683 666 3733 quam
689 3671 1057 3735 Westerhovii,
1093 3672 1349 3736 quinotat
1375 3673 1551 3734 verba,
1575 3671 1879 3736 ‘Fundam‚'
1914 3675 2012 3722 διο.
2057 3671 2213 3720 etiam
2260 3671 2452 3720 Donati
2495 3678 2651 3721 aetate
2692 3687 2721 3720 a

512 3734 770 3783 nonnullis
792 3737 992 3786 credita
1015 3752 1124 3785 esse
1146 3737 1353 3785 Thaidis
1387 3737 1452 3786 ad
1477 3738 1822 3794 Chremetem,
1857 3742 1911 3785 et
1943 3731 2084 3785 su‘am
2121 3736 2351 3785 vindicat
2389 3737 2514 3785 lect.
2585 3737 2720 3785 Nunc

514 3798 608 3848 tibi
626 3799 1142 3859 fundum.Both.-17
1185 3803 1252 3851 Ut
1272 3804 1376 3851 ittos
1397 3803 1489 3852 Tr.
1532 3803 1688 3853 West.
1759 3804 1828 3852 Ut
1860 3817 1988 3866 proc.
2029 3802 2140 3851 hinc
2155 3816 2216 3851 ex
2233 3803 2410 3852 occuuo
2433 3802 2720 3853 Boin—18

1507 3916 1721 3967 NOTAE

580 4015 647 4066 13,
678 4012 896 4077 Pyrrhus
905 4013 1182 4077 factitavit]
1215 4016 1284 4066 Se
1301 4022 1418 4078 post
1439 4016 1580 4078 prin·
1663 4023 1743 4064 tra
1776 4014 1960 4069 metari
1999 4014 2210 4078 primus.
2236 4012 2493 4073 docuerit,
2530 4011 2584 4061 id
2624 4016 2718 4073 est,

517 4088 653 4152 cipia
697 4091 886 4152 posuit.
955 4092 1209 4153 Pyrrhus,
1250 4092 1579 4154 Epirotarum
1660 4090 1958 4142 describere
1974 4099 2028 4140 et
2045 4091 2255 4152 locare3
2288 4103 2506 4151 comper.-
2540 4086 2606 4137 ad
2628 4088 2720 4136 hoc

517 4163 653 4218 Rex.
680 4164 881 4228 Pyrrho
904 4166 1162 4217 Hannibal
1187 4168 1322 4226 inter
1350 4167 1581 4230 Impera·
1661 4184 1812 4221 nemo
1836 4169 2126 4233 elegantius
2149 4171 2270 4222 loca
2301 4168 2527 4232 ceperit,
2548 4168 2719 4231 praesi-

518 4247 679 4302 tores,
699 4256 812 4290 cum
847 4244 1037 4305 primas
1060 4245 1360 4294 Alexandro
1383 4244 1578 4307 Magno
1660 4246 1743 4298 dia
1766 4246 2079 4310 disposuerit
2100 4263 2116 4309 ς
2147 4247 2319 4297 choisir
2340 4244 2539 4296 bienlec
2558 4246 2717 4296 lieux:

518 4315 765 4382 dedisset,
785 4321 1035 4380 secundas
1067 4321 1272 4384 tribuit,
1295 4322 1435 4386 quod
1474 4338 1596 4394 cas-¹
1658 4322 1943 4389 sefortifier.
