3050 4942
1146 358 1348 408 Aaou
1365 360 1646 409 ΜΕΝΤΑ.
2347 348 2479 415 397

296 499 541 562 tenendi
584 500 926 580 spectatoris
967 519 1153 560 causa
1178 502 1306 561 vult
1330 502 1516 563 Poeta
1542 510 1743 562 noster
1769 520 1974 561 omnes
2002 504 2258 582 quinque
2286 494 2474 567 Actus

299 596 467 656 velut
489 616 673 656 unum
701 597 844 669 fieri,
886 616 961 655 ne
995 597 1237 675 nespiret
1282 597 1758 675 quodammodot
1802 608 2000 676 atque,
2048 596 2326 660 distincta
2369 601 2477 661 ali-

297 693 436 751 cubi
463 694 900 754 continuatione
930 692 1371 752 succedentium
1407 712 1618 765 rerum,
1661 702 1796 753 ante
1831 693 2021 753 aulaea
2050 695 2282 755 sublata
2308 697 2475 757 fasti-

293 787 498 847 diosus
526 798 823 868 spectator
850 797 1150 866 exsurgat.
1232 788 1385 847 Acta
1431 787 1608 867 plane
1658 800 1749 848 est
1800 789 1979 849 Ludis
2009 790 2471 868 Megalensibus,

295 883 364 943 L.
394 883 719 955 Postumi0,
764 886 830 945 L.
863 884 1139 944 Cornelio
1168 883 1459 945 AEdilibus
1489 884 1847 944 Curulibus:
1890 887 2065 945 etiam
2097 896 2235 946 tunc
2274 908 2473 967 perso·

292 980 451 1040 natis
495 983 560 1041 L.
590 981 868 1041 Numidio
913 979 1238 1050 Postumio,
1289 981 1352 1040 L.
1399 981 1669 1041 Ambivio
1712 981 2048 1060 Turpione:
2090 982 2228 1042 item
2264 984 2472 1043 modu-

289 1078 453 1137 lante
484 1076 698 1137 Flacco
723 1076 972 1137 Claudio
996 1076 1152 1136 tibiis
1183 1076 1391 1136 dextra
1429 1087 1491 1136 et
1534 1077 1772 1137 sinistra
1821 1079 1897 1137 ob
1935 1077 2243 1157 jocularia,
2286 1080 2472 1140 multa

289 1173 579 1251 permixta
605 1174 909 1253 gravitate.
989 1173 1067 1231 Et
1095 1182 1231 1233 acta
1256 1182 1349 1232 est
1387 1183 1554 1232 tanto
1597 1192 1879 1233 successu
1926 1192 1996 1233 ac
2035 1173 2247 1251 piausu
2297 1184 2471 1254 atque

289 1266 593 1348 suffragio,
635 1278 703 1328 ut
751 1287 951 1329 rursus
994 1278 1154 1329 esset
1201 1268 1460 1340 vendita,
1503 1277 1566 1328 et
1611 1276 1882 1346 ageretur
1905 1268 2118 1328 iterum
2147 1289 2253 1348 pro
2280 1289 2467 1331 nova:

287 1382 513 1442 proque
541 1383 613 1424 ea
648 1352 918 1446 pretium,
962 1365 1122 1444 quod
1152 1364 1298 1425 nulli
1327 1375 1463 1424 ante
1491 1364 1678 1445 ipsam
1711 1364 1996 1425 Fabulam
2023 1365 2292 1445 contigit,
2332 1352 2469 1429 octo

284 1461 545 1520 millibus
574 1462 903 1522 sestertium
949 1471 1322 1522 numerarent
1364 1460 1588 1520 Poetae.
1673 1461 2025 1521 Proverbia¹
2078 1461 2265 1521 multa
2308 1481 2468 1541 saepe

284 1558 683 1634 pronuntiata,
726 1568 786 1620 et
826 1559 1060 1619 cantica
1106 1577 1265 1637 saepe
1292 1558 1532 1617 mutatis
1561 1556 1750 1616 modis
1777 1556 2035 1617 exhibita
2078 1566 2238 1619 sunt.
2318 1558 2468 1635 Προ-

285 1653 511 1712 τατικὸν
534 1656 828 1731 πρόσωπον
854 1672 1145 1732 nusquam
1172 1652 1386 1712 habet:
1430 1652 1538 1711 sed
1568 1652 1690 1711 suis
1719 1661 1948 1712 tantum
1974 1653 2241 1732 personis
2267 1654 2466 1714 utitur.

285 1749 355 1807 In
381 1747 499 1807 hac
525 1749 829 1810 Terentius
859 1749 1115 1831 delectat
1142 1749 1368 1808 facetiis
1392 1767 1407 1807 τ
1449 1747 1697 1828 prodest
1734 1749 2017 1830 exemplis
2042 1767 2058 1808 t
2102 1758 2163 1808 et
2188 1749 2330 1809 vitia
2356 1750 2466 1811 ho-

280 1842 505 1902 minum
531 1844 709 1922 paulo
737 1845 1090 1917 mordacius,
1134 1862 1309 1923 quam
1338 1842 1398 1900 in
1426 1842 1636 1902 ceteris
1666 1843 1876 1923 carpit.
1957 1844 2243 1922 Exempla
2269 1853 2465 1905 autem

280 1958 509 1998 morum
536 1939 632 2000 hic
661 1940 770 2000 tria
798 1941 1095 2021 praecipua
1122 1950 1547 2020 proponuntur,
1575 1941 1785 2000 urbani
1806 1940 2052 2014 scilicet,
2081 1940 2341 2018 parasiti,
2368 1938 2467 2001 et²

275 2034 563 2095 militaris.
604 2036 756 2096 Haec
784 2036 944 2098 edita
970 2037 1201 2098 tertium
1231 2047 1341 2110 est,
1371 2046 1432 2097 et
1456 2037 1856 2117 pronuntiata,
1876 2037 2210 2097 TERENTH
2237 2037 2465 2096 Eunu-

279 2145 495 2190 cnus:
540 2131 756 2212 quippe
789 2132 915 2211 jam
961 2133 1164 2194 adulta
1203 2131 1713 2193 commendatione
1755 2132 1978 2205 Poetae,
2026 2150 2097 2192 ac
2125 2132 2346 2192 meritis
2374 2133 2465 2191 in-

278 2225 436 2308 genii
486 2227 809 2289 notioribus
836 2231 1071 2309 populo.
1160 2231 1345 2290 Facta
1374 2238 1570 2288 autem
1602 2248 1672 2288 ex
1698 2227 1927 2288 duabus
1957 2227 2182 2287 Graecis
2211 2247 2331 2287 una
2373 2238 2467 2288 est

277 2320 511 2381 Latina.
592 2321 747 2382 Nam
775 2344 848 2383 ex
875 2325 1206 2386 Ennucno
1235 2335 1297 2386 et
1334 2325 1622 2398 Comen,
1672 2323 1985 2384 Menandri
2031 2322 2292 2396 Fabulis,
2332 2323 2463 2383 haec

279 2415 652 2478 Eunucnus
681 2420 1033 2481 Terentiana
1062 2423 1284 2502 scripta
1311 2432 1424 2495 est,
1467 2441 1587 2482 non
1636 2421 1762 2480 sine
1791 2420 2050 2492 crimine,
2093 2418 2253 2500 quod
2280 2420 2465 2479 multa

270 2511 333 2570 in
359 2512 518 2572 hanc
545 2515 833 2576 translata
859 2517 978 2576 sint
1004 2538 1076 2577 ex
1103 2517 1301 2577 multis
1341 2517 1540 2577 Po'etis
1586 2517 1846 2577 Latinis:
1889 2516 2051 2595 quod
2100 2526 2312 2587 totum,
2357 2533 2462 2594 per

270 2604 593 2688 Prologum
621 2622 837 2691 purgat
863 2624 1040 2691 atque
1068 2613 1351 2674 defendit.
2217 2594 2234 2610 ⁵

598 2780 626 2824 1
664 2775 897 2841 Legend.
919 2777 1147 2829 arbitror
1166 2776 1414 2828 Diuerbia.
1437 2775 1590 2826 Lind.
1695 2782 1731 2828 2
1770 2777 1837 2826 Et
1857 2775 2055 2827 omittit
2077 2777 2140 2826 Z.

501 3220 680 3268 AEmi
732 3220 1019 3285 nonan
1066 3219 1606 3268 Anoumnn‘rum
1658 3218 1737 3267 ιΝ
1792 3217 2246 3267 auNucHuu.

268 3362 472 3415 ΒΑΜ-Α
495 3366 731 3428 quaedam
752 3367 1024 3426 exAttica
1056 3367 1200 3430 virgo
1221 3365 1429 3429 nobilis,
1462 3373 1620 3430 atque
1651 3364 1908 3415 abducta¹
1946 3371 2027 3415 est
2057 3363 2332 3424 Rhodnm3
2366 3362 2459 3413 ibi·

331 3461 434 3510 que
457 3447 612 3495 matri
633 3447 842 3497 Thaidis
864 3448 1153 3498 meretricis
1176 3447 1241 3497 ab
1265 3447 1431 3507 amico
1453 3447 1591 3495 dono
1618 3444 1739 3494 data
1762 3452 1860 3508 est,
1891 3451 1947 3496 et
1979 3444 2204 3494 educata
2224 3444 2368 3493 velut
2388 3456 2466 3490 so·

331 3539 438 3586 ror,
459 3539 564 3574 nna
585 3540 698 3575 cum
721 3525 829 3575 filia
852 3527 1071 3576 Thaide.
1130 3526 1236 3576 Sed
1261 3526 1433 3588 Thais,
1452 3526 1639 3574 relicta
1669 3532 1853 3588 matre,
1877 3524 2058 3574 Rhodo
2079 3537 2195 3572 cnm
2235 3527 2461 3571 amatore

329 3605 549 3668 quodam
574 3604 806 3656 Athenas
829 3621 885 3656 se
905 3606 1159 3657 contulit:
1196 3606 1262 3656 ab
1286 3620 1447 3670 eoque
1471 3607 1634 3655 haeres
1659 3604 1901 3653 instituta
1919 3611 2143 3665 mortuo,
2176 3615 2294 3651 mox
2316 3614 2347 3649 a
2369 3601 2462 3650 nii·

329 3684 423 3734 lite
459 3685 722 3735 Thrasone
760 3685 1078 3750 *diligebatur
1117 3687 1286 3738 nimis.
1369 3687 1474 3738 Qui
1513 3686 1630 3734 cuni
1671 3684 1890 3734 Athenis
1933 3681 2205 3747 profectus
2243 3687 2463 3730 matrem

328 3765 537 3813 Thaidis
554 3773 810 3815 mortuam
837 3767 1003 3817 Rhodi
1025 3767 1383 3831 comperisset,
1420 3773 1485 3818 et„
1507 3780 1621 3815 earn
1659 3764 1927 3828 virginem,
1947 3776 2097 3827 quam
2121 3758 2360 3824 diximus,
2394 3759 2460 3809 ab

323 3845 620 3894 hoeredibus
643 3852 858 3896 mortuae
884 3847 1331 3896 animadvertisset
1353 3860 1541 3894 venum
1561 3859 1672 3894 esse
1697 3843 2045 3908 propositam3
2067 3840 2297 3906 quamvis
2318 3841 2459 3904 igna-

326 3939 416 3973 rns
439 3939 611 3974 rernm
651 3926 894 3986 omnium,
930 3928 1057 3976 emit
1091 3933 1287 3988 tamen,
1322 3932 1378 3976 et
1415 3926 1553 3974 dono
1591 3931 1772 3975 amatae
1810 3923 1991 3975 Thaidi
2023 3923 2167 3972 vexit
2204 3919 2459 3970 Athenas.

328 4005 543 4064 Verum.
579 4012 855 4071 postquam
893 4007 1191 4077 adveniens·
1212 4008 1427 4057 rivalem
1463 4007 1759 4059 Phaedriam
1806 4006 1948 4071 apud
1995 4005 2208 4056 amicam
2247 4001 2456 4066 reperit,

1123 4172 1149 4215 1
1186 4166 1405 4216 Adducta
1425 4167 1592 4217 west.
