3050 4942
564 361 694 427 254
805 376 1192 428 moARnus
1242 347 1669 430 nanninus
1718 382 1815 431 nn
1862 382 2145 434 marnis
2191 386 2516 438 rnnmwr.

805 523 1025 582 Δουλόν
1055 523 1327 599 γενεσθαι
1351 526 1833 605 πάραφρονουντοσ
1857 527 2149 592 &nov-ov.

565 623 718 683 Cum
748 619 1082 700 Euripides,

803 719 934 779 Ηκώ
963 744 1169 799 νεκρων
1198 723 1488 800 κευθμῶνα
1514 744 1606 781 και
1639 728 1831 783 exoro&
1857 729 2057 785 πυλαε.
2729 773 2740 789 .-

564 813 721 879 idem
749 817 1114 879 admiserunt
1136 821 1199 881 in
1225 820 1448 881 Δουλόν
1475 828 1538 879 et
1566 818 1724 892 Ηκῶ,
1753 818 1916 899 quod
1945 820 2165 881 Noster
2189 820 2274 895 in,
2299 819 2530 881 Malum
2558 833 2620 883 et
2650 843 2769 884 om-

567 915 675 976 nes
700 937 715 977 ε
754 916 864 996 ipsi
884 917 1045 977 enim
1075 917 1212 979 alibi
1239 916 1491 997 priorem
1520 924 1763 988 acuunt,
1790 916 2011 977 Δούλον
2036 927 2098 977 et
2121 918 2293 978 Ἥκω.

652 1015 720 1074 In
751 1013 1018 1074 secunda
1059 1013 1240 1094 igitur
1267 1012 1508 1075 trimetri
1533 1010 1765 1090 ὁιποδίᾳ
1806 1012 1921 1074 hoc
1965 1014 2043 1075 de
2070 1033 2190 1093 quo
2219 1015 2449 1095 agimus
2479 1034 2601 1075 non
2629 1016 2765 1078 lice-

548 1115 686 1174 bat.
769 1111 1000 1171 Gellius
1051 1130 1261 1171 xvn1.
1318 1113 1412 1171 15.
1455 1115 1470 1143 ‘
1497 1111 1567 1169 In
1621 1111 1866 1180 senariis
1912 1112 2179 1173 versibus
2229 1112 2767 1184 animadverterunt

564 1209 790 1271 metrici
818 1208 971 1268 duos
999 1208 1216 1289 primos
1243 1207 1450 1289 pedeS,
1493 1207 1634 1268 item
1661 1217 1953 1269 extremos
1976 1207 2150 1282 duos,
2192 1209 2406 1269 habere
2434 1228 2616 1288 posse
2643 1210 2765 1274 sin·-

568 1309 744 1388 gulos
773 1306 1032 1385 integras
1060 1316 1259 1385 partes
1288 1303 1593 1378 orationis,
1634 1304 1861 1365 medios
1889 1304 2056 1365 haud,
2094 1325 2356 1387 unquam
2398 1315 2615 1386 posse:
2659 1307 2767 1367 sed

565 1414 841 1466 constare
886 1422 991 1463 eos
1033 1423 1261 1484 semper
1304 1422 1378 1463 ex
1405 1403 1597 1462 verbis
1628 1412 1731 1462 aut
1758 1402 1963 1463 divisis
1992 1411 2096 1464 aut
2120 1402 2319 1462 mixtis
2349 1414 2527 1482 atque
2553 1405 2768 1472 confu-

571 1504 694 1565 sis.'
774 1503 1008 1571 Quotus
1037 1501 1290 1582 quisque
1332 1500 1450 1561 hoc
1499 1500 1594 1560 vel
1646 1499 1985 1580 intelligat?
2026 1499 2246 1560 nedum
2274 1511 2343 1561 ut
2370 1500 2635 1562 senarios
2665 1521 2771 1581 per

564 1599 833 1679 singulos
873 1598 1056 1679 pedes
1105 1597 1452 1658 scandendo
1494 1606 1730 1676 tempus
1773 1597 1831 1657 in
1872 1596 1988 1659 hac
2015 1598 2424 1659 observatione
2452 1596 2770 1658 conterat?

565 1699 648 1758 At
671 1698 730 1756 in
759 1705 964 1756 nostra
988 1694 1247 1756 editione
1276 1693 1369 1756 vel
1398 1693 1558 1753 aliud
1589 1693 1897 1774 agentibus
1926 1693 1988 1753 in
2016 1695 2225 1755 oculos
2252 1694 2529 1763 incurrit3
2564 1694 2770 1754 simul·

562 1814 681 1874 que
708 1792 878 1866 ratio,
921 1811 1098 1873 quam
1125 1791 1351 1853 metrici
1377 1790 1475 1851 isti
1503 1801 1726 1865 tacent,
1767 1791 1945 1873 plane
1973 1803 2240 1873 apparet.
2323 1793 2457 1852 Hoc
2486 1792 2573 1851 illi
2601 1790 2770 1851 volu-

563 1901 773 1961 erunt3
816 1891 879 1951 in
905 1890 998 1949 his
1024 1899 1088 1950 et
1114 1888 1405 1951 similibus
1433 1889 1681 1949 senariis
1704 1891 1746 1949 :⁴

803 2002 984 2062 Venit
1011 2001 1294 2061 Chremes
1322 2000 1610 2081 postridie
1638 1999 1716 2061 ad
1745 2020 1839 2061 me
1868 2001 2199 2061 clamitans.

805 2098 1225 2177 Mansuetique
1253 2096 1431 2158 animi
1458 2097 1675 2173 officia,
1704 2097 1849 2177 quid
1874 2097 2074 2158 multis
2101 2116 2330 2158 moror:
2392 2173 2398 2178 .

563 2212 716 2271 duos
744 2211 964 2291 'primos
994 2210 1266 2289 duosque
1294 2221 1628 2291 postremos
1674 2212 1857 2292 pedes
1905 2210 2157 2292 singulis
2202 2208 2668 2280 verbis‘claudi,
2711 2210 2770 2269 'et

564 2319 763 2369 reete:
808 2317 871 2368 at
911 2306 1126 2387 pedem
1169 2307 1407 2367 tertium
1450 2318 1796 2388 quartumve
1841 2328 1959 2370 non
1987 2328 2166 2388 posse
2194 2315 2371 2368 recte.
2458 2297 2581 2366 Gur
2606 2304 2768 2365 hoc?

563 2405 704 2486 quia
729 2414 855 2464 tum
883 2421 1128 2463 necesse
1156 2410 1269 2474 est,
1312 2412 1379 2462 ut
1422 2403 1578 2464 ictus
1621 2403 1678 2462 in
1719 2404 1957 2464 ultimas
1987 2404 2247 2485 syllabas
2276 2402 2538 2470 cadant;
2583 2399 2766 2482 quod,

542 2511 638 2588 'ut
661 2500 802 2574 dixi,
845 2501 903 2560 in
940 2500 1131 2581 prima
1171 2498 1492 2579 ultimaque
1521 2500 1751 2579 δι’ποδίᾳ
1780 2502 1934 2562 solet
1960 2502 2125 2576 fieri3
2169 2501 2228 2560 in
2255 2500 2449 2561 media
2476 2520 2586 2562 nec
2614 2499 2767 2559 solet

562 2608 625 2659 et
652 2597 750 2657 vix
777 2615 1041 2677 unquam
1068 2595 1230 2656 licet.
1314 2595 1638 2657 Rarissime
1679 2597 1884 2677 igitur,
1936 2598 2117 2658 semel
2163 2608 2341 2678 atque
2380 2599 2616 2669 iterum,
2661 2596 2763 2656 sed

563 2714 782 2776 magno
809 2694 1122 2756 sententiae
1149 2693 1335 2768 lucro,
1378 2694 1617 2756 admisit
1642 2694 1757 2755 hoc
1784 2696 1846 2754 in
1874 2695 2149 2756 trimetris
2177 2693 2520 2756 Terentius:

881 2805 1190 2867 Persuasit
1214 2795 1352 2882 nox,
1388 2807 1573 2883 amor,
1600 2808 1823 2880 vinum,
1853 2807 2275 2870 adolescentia.

885 2900 1154 2963 Scelesta
1180 2901 1349 2964 ovem
1381 2901 1523 2984 lupo
1553 2905 1857 2968 commisi:
1902 2905 2203 2986 dispudet.

564 3014 720 3072 Nam
745 3012 918 3085 illud,

879 3108 1078 3171 Nosse
1105 3108 1305 3169 omnia
1330 3109 1462 3171 haec
1491 3112 1655 3172 salus
1685 3122 1778 3173 est
1804 3112 2301 3190 adolescentibus,

563 3221 625 3279 in
652 3219 766 3282 bae
793 3219 1052 3280 editione
1081 3222 1267 3282 saluti
1295 3231 1408 3283 est.
1490 3223 1839 3284 Notandum
1882 3244 2121 3305 quoque
2167 3226 2249 3299 in,
2296 3225 2480 3303 amor,
2509 3239 2574 3288 et
2600 3227 2764 3309 lupo,

563 3316 817 3395 priorem
860 3318 1098 3379 brevem
1147 3338 1302 3393 esse,
1344 3328 1404 3378 et
1444 3339 1519 3380 ex
1565 3320 1809 3402 musicae
1851 3321 2172 3383 rationibus
2215 3322 2304 3383 ita
2342 3333 2616 3403 oportere
2633 3345 2655 3392 -3
2700 3333 2763 3383 ut

565 3412 726 3493 apud
754 3414 1087 3489 Horatium,
1569 3431 1578 3440 ’

885 3530 923 3588 J
928 3549 1020 3590 am
1041 3530 1169 3639 jam
1196 3530 1423 3592 efficaci
1448 3530 1530 3591 do
1557 3532 1770 3591 manus
1800 3530 2086 3592 scientiae.

885 3626 982 3685 Ad
1007 3626 1331 3706 penvicacis
1356 3627 1472 3688 heu
1503 3628 1690 3708 pedes
1723 3628 1993 3691 Achillei.

565 3736 644 3796 Et
670 3737 976 3799 similiter
960 3759 1024 3798 m
1050 3741 1232 3802 verbo
1257 3740 1565 3821 trisyllabo
1592 3740 1743 3802 duos
1769 3719 1922 3804 ictus
1951 3741 2289 3821 recipiente,
2331 3740 2379 3800 si
2409 3739 2472 3799 id
2501 3739 2761 3801 διποδίαν

564 3834 926 3895 trochaicam
954 3835 1215 3910 inchoat,
1256 3836 1456 3897 media
1490 3837 1602 3898 erit
1628 3859 1700 3899 ex
1725 3848 1848 3900 arte
1875 3840 2111 3899 brevis:

727 3948 859 4009 Nisi
886 3950 988 4030 pol
1014 3949 1198 4012 filium
1227 3951 1592 4017 multimodis
1623 3951 1855 4034 expetO,
1884 3961 1952 4012 ut
1980 3949 2187 4013 redeat
2214 3949 2475 4012 domum.

562 4049 659 4122 Ita
685 4071 844 4122 reete
870 4061 967 4122 hic
996 4062 1242 4138 editum,
1289 4084 1411 4126 non
1457 4075 1692 4147 expecto
1713 4089 1738 4137 ,-
1777 4076 1846 4126 ut
1894 4076 1956 4127 et
1999 4066 2114 4127 alia
2139 4065 2413 4145 plurima,
2455 4084 2595 4144 quae
2624 4072 2757 4124 ante

566 4175 676 4216 nos
703 4158 917 4220 vitiosa
943 4160 1301 4237 ferebantur,
1341 4162 1405 4222 in
1432 4163 1592 4224 omni
1620 4183 1891 4225 versuum
1917 4182 2134 4244 genere
2159 4160 2255 4223 hic
2283 4160 2676 4241 corriguntur.
