3050 4942
532 406 916 458 meminus
965 406 1390 457 BENTLmUS
1440 408 1538 455 ns
1588 408 1867 458 Murrus
1916 411 2244 459 TERENT.
2358 394 2489 461 235

307 549 542 629 quidem
570 550 738 613 locus
766 569 882 610 non
912 570 1119 632 parurn
1158 559 1471 632 suspectus
1513 559 1627 623 est,
1675 570 1811 611 curn
1851 552 1911 610 in
1938 551 2115 612 nullis
2144 552 2273 612 aliis
2302 553 2487 613 titulis

305 647 466 706 tibiae
488 649 722 728 proprio
750 648 983 708 nomine
1010 647 1433 728 indignentur:
1463 649 1728 727 quamvis
1758 647 1997 709 dextras
2034 650 2252 730 Lydias
2281 650 2486 721 fuisse,

297 743 552 822 impares
588 764 723 805 vero
752 744 1058 824 Phrygias,
1098 755 1236 825 post
1266 746 1568 806 Donatum
1616 745 1828 805 eruditi
1874 746 1995 806 fere
2035 765 2239 807 omnes
2288 746 2488 806 existi-

301 851 505 900 ment:
550 841 658 902 sed
685 851 753 901 ut
778 853 844 903 ut
870 843 985 902 hoc
1012 843 1108 916 sit,
1159 844 1209 904 si
1256 863 1366 903 nec
1410 843 1546 904 duae
1585 842 1828 917 dextrae,
1871 862 1981 903 nec
2028 841 2234 903 dextra
2282 844 2487 914 altera,

302 937 489 1000 altera
516 941 757 1001 sinistra
778 941 1013 1014 fuerint,
1042 961 1286 1002 necesse
1316 951 1409 1002 est
1433 942 1616 1003 fuisse
1645 941 1795 1000 duas
1823 939 2124 1009 sinistras;
2162 960 2312 1020 quas
2336 941 2487 1000 forte

300 1036 513 1096 ominis
541 1057 726 1099 causa
753 1039 1037 1098 Sarranas
1066 1057 1244 1116 quam
1267 1035 1533 1098 sinistras
1565 1037 1758 1098 dicere
1786 1037 2136 1096 maluerunt.

375 1135 580 1212 Atque
620 1135 752 1194 haec
801 1134 876 1194 de
922 1134 1303 1195 vexatissima
1354 1134 1685 1214 quaestione
1735 1134 1957 1194 dixisse
2004 1132 2275 1206 sufficiat,
2331 1151 2485 1206 cum,

296 1248 490 1308 pauca
516 1230 673 1302 licet,
705 1250 737 1290 e
766 1232 938 1291 rebus
963 1241 1159 1290 tamen
1187 1232 1330 1311 ipsis
1360 1233 1546 1311 petita
1569 1233 1705 1303 sint,
1732 1240 1792 1290 et
1818 1230 2063 1312 proinde
2093 1249 2249 1299 vera,
2280 1240 2339 1288 et
2366 1230 2486 1301 illa,

295 1347 428 1405 quae
484 1325 561 1385 de
606 1326 763 1386 tibiis
819 1327 880 1386 in
934 1327 1122 1388 titulis
1179 1328 1472 1399 dicuntur,
1531 1327 1675 1387 satis
1732 1327 2047 1405 explicent.
2129 1327 2281 1386 Tota
2331 1326 2484 1384 enim

184 1421 191 1426 ’
294 1423 551 1500 quaestio
581 1424 811 1483 curiosa
838 1424 1049 1504 magis,
1078 1444 1255 1504 quam
1285 1424 1463 1497 utilis,
1501 1445 1613 1485 nec
1642 1424 1717 1484 ad
1751 1424 2005 1488 Fabulas
2033 1422 2241 1482 melius
2269 1421 2488 1481 intelli-

294 1519 529 1597 gendas
571 1519 884 1599 quicquam
922 1521 1181 1601 adjuvat,
1222 1540 1360 1581 cum
1389 1521 1617 1582 eaedem
1645 1519 1889 1580 Fabulae
1917 1519 2160 1579 diversis
2188 1517 2366 1590 tibiis,
2395 1517 2486 1575 di-

292 1634 486 1674 versae
530 1635 668 1675 vero
713 1615 936 1675 eisdem
985 1625 1310 1696 agerentur.
1397 1618 1490 1677 De
1537 1618 1692 1678 tibiis
1737 1617 1914 1695 igitur
1959 1617 2058 1695 qui
2102 1615 2273 1695 plura
2326 1613 2487 1686 velit,

293 1710 475 1770 adeat
504 1712 540 1770 J
549 1712 630 1772 ul.
658 1712 1045 1792 Scaligerum‚
1076 1712 1450 1787 salmasium,
1480 1715 1562 1774 Is.
1591 1714 1910 1780 Vossium;
1961 1731 2083 1791 prae
2110 1710 2318 1771 ceteris
2347 1729 2485 1768 vero

294 1808 364 1866 C.
395 1807 832 1882 Bartholinum,
877 1810 977 1888 qui
1025 1809 1099 1870 de
1143 1831 1343 1872 earum
1388 1810 1667 1887 mater-HS,
1710 1809 1932 1881 formis,
1974 1808 2200 1880 usibus,
2244 1806 2483 1888 copiose

294 1913 476 1985 atque
502 1903 733 1965 erudite
762 1904 1016 1984 scripsit.
1120 1979 1127 1982 Α

934 2328 1344 2395 RICARDI
1389 2329 1849 2395 BENTLEII

736 2513 866 2577 DE
936 2513 1296 2584 METRIS
1370 2514 2033 2581 TERENTIANIS

1147 2698 1625 2746 ΣΧΕΔῙΑΣΜΑ.

970 2876 1197 2956 ’'Apens,
1225 2877 1414 2949 Θέσις,
1443 2884 1502 2937 et
1526 2874 1785 2937 Διποδία.

287 3005 623 3065 humens
652 3023 857 3065 versus
888 3024 1162 3066 senorum
1190 3006 1407 3086 pedum
1443 3006 1666 3065 Latinis
1695 3003 1985 3065 veteribus
2015 3003 2277 3064 senarius
2304 3019 2482 3063 voca-

283 3102 479 3176 batur,
522 3122 558 3161 a
586 3102 804 3181 pedum
835 3112 894 3161 et
919 3102 1140 3163 ictuum
1167 3122 1431 3163 numer0.
1515 3103 1817 3175 HoratiuS‚
1845 3102 1973 3161 Art.
2004 3100 2171 3159 Poet.
2202 3102 2342 3160 251.

533 3231 780 3310 Syllaba
807 3230 990 3311 longa
1015 3232 1179 3292 brevi
1208 3230 1473 3310 subjecta
1500 3240 1746 3291 vocatur
1772 3230 2032 3304 Iambus,

522 3325 649 3402 ¹Pes
678 3327 866 3387 citus:
908 3327 1068 3388 unde
1097 3329 1273 3389 etiam
1302 3328 1594 3389 Trimetris
1624 3347 1959 3388 accrescere
1975 3327 2161 3406 jussit

532 3420 765 3481 Nomen
792 3424 1056 3497 iambeis‚
1085 3443 1220 3484 cum
1248 3443 1422 3484 senos
1450 3423 1725 3484 redderet
1748 3424 1899 3483 ictus

529 3517 764 3579 Primus
794 3518 871 3579 ad
897 3530 1219 3580 extremum
1247 3520 1449 3579 similis
1479 3520 1608 3579 sibi.

284 3641 423 3714 Sex,
467 3641 679 3720 inquit,
726 3640 911 3701 habet
937 3642 1091 3701 ictus
1119 3660 1321 3702 versus
1352 3642 1653 3708 senarius;
1697 3648 1756 3698 et
1784 3646 1978 3698 tamen
2007 3637 2321 3699 Trimetrus
2351 3638 2476 3698 sive
2565 3671 2568 3674 ι

280 3736 597 3796 Ternarius
629 3733 856 3796 Graecis
889 3747 1162 3805 vocaturz
1207 3736 1377 3815 quasi
1423 3746 1546 3796 tres
1595 3744 1823 3795 tantum
1871 3734 2024 3793 ictus
2067 3732 2356 3805 redderet,
2398 3735 2475 3792 ob

281 3831 452 3911 pedis
478 3833 859 3906 celeritatem,
885 3838 1211 3914 praesertim
1241 3852 1376 3894 cum
1403 3840 1567 3891 totus
1594 3830 1805 3889 iambis
1833 3828 1994 3908 puris
2023 3827 2292 3888 decurrit.
2362 3828 2473 3887 La·-

279 3928 387 3990 tini
434 3930 614 4009 igitur
659 3949 766 4008 per
807 3929 1172 4009 μονοποδίαν,
1199 3928 1467 4009 singulos
1494 3926 1701 4009 pedes,
1729 3925 1841 3985 hos
1869 3944 2070 3986 versus
2095 3923 2474 3990 dividebant;

282 4025 481 4087 Graeci
508 4046 614 4107 per
641 4025 922 4101 διποδίαν,
974 4048 1076 4089 seu
1115 4027 1468 4107 geminatoS.
1553 4022 1722 4097 Inde,
1770 4021 1870 4101 qui
1897 4020 2123 4079 Graecis
2151 4030 2240 4079 est
2268 4020 2473 4078 Tetra·

278 4131 524 4197 metrus,
551 4123 802 4183 Varroni
831 4142 866 4183 a
892 4124 1113 4203 pedum
1140 4142 1383 4182 numero
1410 4131 1505 4181 est
1537 4118 1913 4182 octonarius.
1993 4117 2031 4176 J
2037 4117 2151 4176 uba
2180 4135 2281 4175 rex
2308 4115 2472 4196 apud

282 4215 560 4278 Rufinum
587 4216 664 4278 de
692 4218 923 4293 Mettis,
948 4239 1011 4298 p.
1041 4221 1222 4281 2712.
1263 4225 1280 4252 ‘
1307 4217 1484 4284 Quod
1510 4224 1710 4277 autem
1748 4214 1901 4280 binis
1948 4212 2215 4293 pedibus,
2261 4222 2323 4271 et
2348 4231 2472 4274 non
