3050 4942
790 354 888 401 nu
936 351 1275 401 amioum
1320 349 1566 401 murm
1613 347 2114 405 mansurum.
2425 344 2558 411 199

520 491 616 556 Ne
641 494 1268 577 hocquiderntaeebit
1290 497 1609 558 Parmeno.
1677 499 1791 557 “Oh
1821 498 2141 560 dubiumne
2163 500 2230 560 id
2255 501 2397 562 est?

521 592 601 652 Et
627 594 799 653 simul
829 595 1138 654 conficiam
1167 594 1399 655 facilius
1427 614 1543 676 ego
1571 596 1733 674 quod
1766 596 1918 657 volo,

518 690 753 752 Praesto
776 691 935 771 apud
961 710 1055 752 me
1083 711 1217 753 esse
1248 694 1450 752 aiunt:
1484 694 2035 772 egometconvivas
2066 713 2277 757 moror.

516 787 739 847 Tamen
770 788 865 847 vix
890 789 1147 849 humane
1178 790 1416 872 patitur,
1443 807 1644 848 verum
1674 790 1725 849 si
1755 773 2026 870 augeam:

352 908 631 968 Muretus
658 907 918 988 quidem,
945 909 1193 969 ut'hanc
1222 908 1522 969 licentiam
1552 901 1819 990 effugiat,
1847 912 2027 992 legit:
2072 913 2281 973 Tamen
2311 913 2557 973 humane

351 1007 450 1063 vix
489 1006 739 1082 patitur
924 1006 1033 1065 sed
1062 1006 1118 1065 in
1151 1005 1330 1066 nullis
1362 1005 1514 1066 MsS.
1544 1006 1629 1066 ita
1653 1005 1894 1087 legitur,
1938 1028 2130 1087 neque
2149 1010 2367 1070 »Latina
2394 1011 2557 1071 vide-

350 1110 445 1159 tur
474 1120 549 1159 ea
576 1101 885 1161 verborum
910 1101 1246 1161 collocatio·
1333 1102 1410 1162 Et
1447 1112 1607 1162 certe
1650 1121 1991 1183 quanquam
2038 1104 2378 1183 frequentes
2421 1105 2556 1166 istae

351 1195 473 1255 sive
506 1196 844 1257 collisiones
875 1198 998 1259 sive
1030 1198 1308 1259 elisiones
1338 1199 1704 1278 syllabarum
1733 1198 1963 1260 illorum
2010 1199 2250 1260 auribus
2298 1201 2556 1262 insolitae

349 1291 686 1366 videantur,
727 1294 829 1373 qui
872 1296 1073 1356 omnia
1116 1294 1194 1355 ad
1223 1295 1563 1375 Augustani
1605 1297 1719 1356 aevi
1766 1315 2031 1356 normam
2057 1297 2295 1375 exigere
2324 1297 2554 1365 solent3

350 1406 467 1446 non
495 1389 775 1449 absurdae
799 1401 992 1452 tamen
1015 1391 1089 1452 iis
1113 1390 1488 1464 videbuntur,
1511 1390 1614 1470 qui
1638 1390 1729 1451 vel
1756 1392 2010 1450 Enniani
2037 1391 2247 1452 saeculi
2275 1391 2556 1470 reliquias

349 1481 581 1563 legunt,
621 1485 715 1545 vel
757 1488 1103 1572 popularem
1151 1485 1436 1566 loquendi
1479 1506 1721 1561 morem,
1764 1507 1939 1567 quem
1989 1506 2168 1568 supra
2209 1487 2558 1548 memoravi·-

348 1599 503 1654 mus,
533 1583 715 1660 paulo
743 1585 1027 1645 attentius
1057 1584 1477 1645 considerant:
1519 1604 1632 1645 nec
1659 1585 1917 1644 sortasse
1944 1584 2330 1657 mirabuntur,
2360 1582 2413 1643 si
2436 1584 2556 1664 pri-

349 1694 502 1736 mam
537 1679 826 1758 syllabam
856 1682 938 1755 in,
967 1682 1090 1755 ille,
1120 1682 1268 1762 ipse,
1299 1682 1432 1755 iste,
1460 1687 1574 1743 διο.
1614 1682 1709 1742 vel
1756 1680 2019 1741 ultimam
2066 1681 2148 1751 in,
2194 1679 2350 1752 vide,
2391 1699 2556 1752 cave,

338 1773 506 1851 jube,
539 1774 722 1848 domi,
749 1777 895 1850 heri,
920 1782 1032 1841 &a
1079 1798 1242 1859 saepe
1270 1790 1600 1858 correptam
1626 1776 1890 1838 videant.
1974 1776 2070 1835 Ob
2103 1776 2352 1836 eandem
2380 1776 2560 1836 etiam

347 1872 638 1941 rationem
667 1893 827 1953 saepe
856 1876 981 1936 fieri
1011 1875 1166 1935 solet
1192 1885 1280 1948 ut,
1308 1874 1427 1947 Dii,
1465 1873 1653 1946 Deos,
1682 1872 1785 1947 ait,
1815 1873 1962 1943 scio,
1987 1872 2150 1945 mihi,
2178 1884 2367 1944 meus,
2394 1882 2557 1944 tuus,

350 1986 493 2027 suus
523 1973 998 2049 (nonnunquam,
1028 1971 1131 2031 tibi
1157 1980 1219 2031 et
1247 1970 1382 2043 sibi,
1424 1979 1494 2031 ut
1535 1977 1710 2049 putat
1747 1970 2040 2044 Faiirnus)
2084 1968 2146 2026 in
2173 1987 2353 2030 unam
2376 1967 2557 2047 sylla·-

344 2064 960 2140 bamcontrahnntur,
990 2075 1095 2127 aut
1120 2087 1257 2140 vox,
1285 2067 1434 2143 jam,
1463 2066 1522 2125 in
1553 2064 1708 2125 duas
1735 2064 2109 2125 extendatur.
2192 2064 2556 2135 Iuvoeibus,

346 2161 499 2240 ejus,
528 2161 728 2242 hujuS,
757 2164 949 2243 cujus,
987 2174 1128 2224 sunt
1160 2165 1264 2244 qui
1298 2162 1547 2244 primam
1592 2153 1882 2242 syllabam
1927 2159 2377 2240 corripiendam,
2419 2168 2485 2219 'et
2523 2178 2553 2218 s

344 2258 529 2318 finale
556 2259 617 2318 in
647 2261 910 2322 secunda
935 2261 1298 2334 elidendum,
1338 2269 1477 2320 ante
1522 2278 1871 2341 consonam,
1913 2277 2075 2319 more
2113 2257 2388 2336 antiquo,
2416 2275 2558 2317 cen-

346 2368 518 2415 sent:
563 2378 814 2438 quorum
862 2360 1216 2442 sententiam
1254 2358 1377 2419 etsi
1420 2377 1542 2417 non
1585 2376 1826 2437 prorsus
1870 2356 2292 2435 improbamus,
2341 2351 2556 2412 melius

304 2527 307 2528 ⁷
345 2462 546 2513 tamen
578 2456 768 2516 versui
797 2457 1028 2516 consuli
1072 2474 1248 2535 posse
1297 2474 1654 2525 censemuss
1677 2453 1729 2513 si
1755 2473 1845 2514 eae
1873 2471 2050 2512 voces
2079 2450 2141 2509 in
2165 2467 2347 2509 unam
2376 2446 2557 2528 sylla-

345 2549 483 2609 bam
513 2551 666 2610 inter
692 2552 1193 2631 pronuntiandum
1222 2550 1670 2620 contrahantur,
1711 2548 1861 2608 adeo
1890 2559 1958 2607 ut
1979 2545 2195 2608 eodem
2221 2546 2344 2605 fere
2373 2544 2553 2604 modo

345 2647 722 2725 proferantur
748 2669 868 2727 quo
897 2648 1055 2729 apud
1087 2648 1343 2726 Anglos,
1366 2646 1462 2706 his
1491 2656 1555 2706 et
1581 2645 1822 2704 whose:
1865 2654 1968 2702 ut:

429 2745 495 2803 Si
521 2744 690 2804 illum
720 2746 1008 2826 relinquo,
1046 2746 1175 2824 ejus
1204 2746 1339 2804 vitae
1369 2743 1587 2812 timeo;
1630 2742 1722 2800 sin
1752 2739 2027 2819 opitulor,
2055 2737 2230 2816 hujus
2260 2738 2470 2828 minas.

349 2840 822 2919 Interjectiones5
853 2843 1094 2923 jurandi
1143 2841 1442 2913 adverbia,
1490 2851 1553 2900 et
1593 2858 1773 2900 voces
1821 2835 2078 2906 fictitias,
2128 2853 2234 2915 pro
2270 2831 2438 2892 libitu
2461 2829 2557 2892 lo·

349 2937 589 3014 quentis
617 2938 713 2997 vel
737 2939 984 3018 produci
1014 2942 1107 2999 vel
1135 2938 1371 3018 corripi,
1394 2938 1524 3018 ipsa
1545 2935 1788 2996 comicae
1816 2932 2133 2996 locutionis
2157 2928 2312 3018 ⁴ratio
2342 2927 2558 2987 suadet

348 3048 414 3093 ut
442 3034 722 3102 credam;
767 3054 959 3113 neque
1005 3052 1156 3116 opus
1200 3053 1352 3105 esse,
1396 3044 1464 3093 ut
1498 3049 1608 3113 ‘pro
1649 3038 1713 3091 at
1743 3038 1811 3091 nt
1850 3029 2137 3090 scribatur
2162 3036 2228 3088 at
2251 3034 2319 3087 at
2345 3033 2431 3096 at,
2460 3026 2555 3085 vel

348 3132 508 3209 (φοί
532 3151 641 3210 pro
669 3132 886 3211 edepol,
927 3153 1062 3212 quae
1092 3151 1207 3191 vox
1239 3150 1398 3212 saepe
1433 3131 1678 3210 primam
1709 3126 1946 3207 corripit
1973 3124 2134 3207 apud
2160 3124 2321 3184 hunc
2348 3132 2559 3181 aucto-

347 3246 492 3287 rem.
579 3227 772 3287 Nemo
822 3248 941 3288 non
995 3231 1270 3289 observat
1317 3246 1494 3287 voces
1544 3247 1677 3287 esse
1726 3223 2016 3305 quasdam
2074 3241 2210 3301 quae
2260 3216 2574 3279 diversam'

349 3325 744 3401 quantitatem
771 3325 932 3407 apud
960 3326 1211 3387 diversae
1239 3326 1432 3387 aetatis
1463 3326 1776 3405 scriptores
1805 3322 2066 3383 habent:
2112 3319 2196 3378 sic
2238 3333 2372 3388 vox,
2419 3334 2553 3375 sus-

346 3422 523 3500 pici0‚
560 3432 771 3482 contra
793 3442 1128 3484 mensuram
1158 3422 1523 3494 hodiernam,
1551 3423 1897 3501 plerumque
1925 3417 2087 3498 apud
2111 3423 2378 3478 nostrum
2410 3430 2556 3471 auc-

347 3528 534 3578 torem
565 3518 889 3580 secundam
917 3519 1209 3600 syllabam
1239 3518 1556 3598 producit:
1600 3517 1764 3597 quod
1790 3536 1863 3576 ne
1893 3516 2079 3586 fieret,
2125 3510 2445 3570 Goveanus
2492 3509 2552 3566 in

348 3614 473 3691 ejus
524 3615 723 3676 locum
768 3618 1032 3695 reposuit
1079 3617 1365 3696 suspectio
1387 3636 1409 3682 ,-
1452 3613 1558 3672 sed
1609 3616 1735 3673 sine
1787 3612 2037 3681 ratione,
2079 3604 2399 3667 cumidem
2426 3602 2553 3662 fieri

349 3710 555 3772 videas
586 3711 746 3791 apud
779 3710 1056 3771 Plautum
1083 3734 1099 3772 :

593 3839 672 3898 Et
700 3860 776 3898 ne
804 3839 866 3898 in
895 3839 1230 3921 suspicione
1258 3846 1511 3920 ponatur
1536 3834 1762 3915 stupri:
1804 3830 2021 3911 Amph.
2048 3850 2102 3891 ·1.
2131 3832 2189 3889 2.
2220 3829 2319 3887 27.

589 3936 968 4017 Suspiciones
996 3957 1201 3997 omnes
1233 3938 1308 3996 ab
1336 3954 1404 3996 se
1434 3942 1710 4014 segreget
1734 3951 1751 3993 z
1796 3930 1963 3989 Asin.
1992 3943 2090 3988 lv.
2123 3928 2179 3987 1.
2210 3925 2310 3984 29.

355 4064 427 4125 Et
455 4063 615 4145 apud
644 4063 962 4126 Phaedrum
988 4067 1048 4126 in
1078 4065 1336 4145 Prologo
1363 4061 1465 4124 lib.
1497 4082 1609 4122 111.

593 4180 945 4260 Suspicione
970 4178 1155 4259 siquis
1186 4176 1401 4238 errabit
1430 4193 1559 4236 sua.
