3050 4942
502 364 594 432 26
1397 378 1811 430 rnAErA‘uo.

501 531 657 592 sunt
684 526 773 592 ad
800 526 1126 614 locorum,
1171 543 1322 609 quoe
1366 522 1691 600 incidunt,
1734 521 2256 607 expositionem,’
2298 528 2508 606 atque
2538 538 2694 605 pas-

499 632 625 696 sim
671 632 761 696 ad
806 632 1119 715 prologos
1166 627 1692 705 comoediarum,
1733 637 1800 692 et
1844 626 1939 691 ad·
1964 625 2360 693 Comoedias
2393 628 2585 711 ipsas
2615 626 2695 690 il·-

500 733 880 801 lustrandas
909 740 1230 817 excerpta
1273 733 1429 796 inde
1474 731 1777 814 protulit.
1863 730 2227 816 Superesse
2269 729 2538 796 codices
2563 728 2698 794 Te·-

499 838 867 915 rentianos,
912 836 1154 921 quibus
1193 837 1441 917 glossae
1476 838 1549 900 et
1594 834 1854 900 scholia
1899 834 2160 898 diversa
2205 834 2291 898 ab
2335 832 2494 909 illis,
2540 850 2698 914 quoe

500 941 629 1006 sub
687 940 947 1005 nomine
1004 939 1277 1018 Donati,
1337 937 1724 1022 Eugraphii,
1777 937 2161 1022 calphurnii
2217 938 2398 1021 typis
2442 954 2701 1000 excusa

503 1050 681 1121 sunt,
721 1043 934 1108 multa
983 1049 1163 1118 sunt,
1206 1062 1360 1125 quae
1404 1042 1568 1106 mihi
1614 1042 1913 1108 suadent.
2000 1040 2360 1124 Catalogus
2387 1038 2699 1103 codicum

501 1146 674 1212 Mss.
707 1146 1001 1211 Latinor.
1035 1145 1359 1210 Biblioth.
1391 1144 1565 1229 Reg.
1593 1144 1842 1210 Gallim
1870 1144 1952 1209 T.
1987 1161 2087 1208 lv.
2131 1148 2433 1208 recenset
2459 1147 2700 1224 praeter

501 1249 801 1326 codiceS,
844 1249 963 1331 qui
1009 1247 1574 1313 Commentarium
1629 1248 1878 1312 Donati
1933 1246 2066 1311 No.
2108 1246 2305 1312 7920.
2351 1243 2527 1309 Saec.
2580 1259 2697 1306 xl.

497 1351 693 1417 7921.
739 1350 913 1416 Saec.
966 1367 1096 1414 xv,
1145 1356 1213 1414 et
1246 1349 1634 1433 'Eugraphii
1688 1349 1819 1414 No.
1871 1349 2070 1414 7917.
2115 1347 2478 1423 continent,
2520 1346 2697 1417 alios

500 1454 621 1536 qui
648 1453 822 1518 inter
849 1452 1058 1516 lineas
1088 1450 1376 1533 glossaS,
1402 1456 1473 1515 et
1495 1451 1583 1516 ad
1613 1451 1972 1534 marginem
2003 1450 2261 1521 scholia
2289 1449 2534 1513 sistunt
2560 1447 2698 1512 No.

497 1556 696 1622 7900.
738 1554 918 1619 Saec.
954 1570 1033 1619 x.
1063 1555 1256 1620 7903.
1302 1554 1483 1619 Saec.
1516 1571 1631 1619 xl.
1655 1554 1853 1631 8403,
1897 1553 2103 1618 alium
2135 1570 2290 1617 cum
2317 1551 2565 1634 glossis
2595 1551 2700 1614 in-

495 1660 962 1726 terlinearibus
1011 1658 1212 1724 7904.
1274 1657 1445 1724 Saec.
1502 1674 1647 1722 xu.
1699 1677 1853 1723 cum
1903 1658 2148 1742 glossis
2198 1656 2287 1721 ad
2337 1656 2697 1738 marginem

497 1763 697 1828 7909.
740 1762 914 1826 Saec.
964 1776 1099 1825 XV.
1147 1761 1342 1826 7916.
1387 1759 1703 1845 anonymi
1749 1761 2241 1843 expositionem
2272 1758 2470 1823 7919.
2501 1757 2698 1823 7922.

498 1865 772 1929 Talium
800 1862 1117 1929 codicum
1161 1862 1363 1928 hodie
1404 1863 1620 1927 multo
1662 1861 1879 1947 major
1907 1881 2214 1926 numerus
2242 1860 2526 1925 Parisiis
2556 1863 2700 1926 erit.

501 1967 750 2051 Neque
780 1969 849 2031 in
880 1966 1036 2032 aliis
1081 1966 1527 2030 Bibliothecis
1570 1965 2054 2030 desiderantur.
2138 1964 2185 2029 J
2189 1984 2254 2028 o.
2309 1963 2586 2028 Lamias
2631 1966 2700 2028 in

500 2067 721 2133 Catal.
753 2069 969 2134 Codd.
1018 2068 1190 2134 Mss.
1240 2069 1565 2134 Biblioth.
1618 2068 2087 2133 Riccardianae
2135 2087 2292 2151 pag.
2336 2067 2488 2133 360.
2532 2068 2703 2132 citat

497 2171 879 2236 Terentium
927 2191 1082 2236 cum
1127 2171 1403 2236 scholiis
1449 2173 1730 2237 membr.
1782 2190 1977 2254 quem
2024 2175 2046 2206 ‘
2076 2169 2458 2248 vetustum:
2502 2175 2524 2205 ‘
2545 2190 2697 2256 pre-

499 2270 747 2339 tiosum
763 2273 782 2300 ’
825 2279 1042 2338 vocat.
1124 2272 1363 2339 Codex
1389 2274 1591 2359 hujus
1621 2275 1882 2356 generis
1906 2274 2063 2338 olim
2096 2273 2698 2357 deprehendebatur

498 2377 1019 2461 Guelpherbyti,
1062 2376 1238 2440 unde
1283 2395 1327 2440 a
1374 2376 1798 2440 serenissimo
1844 2375 2189 2440 conditore
2240 2375 2695 2440 Bibliothecae

498 2479 1140 2565 Guelpherbytanae,
1188 2479 1382 2544 Duce
1430 2478 1916 2544 Brunovicensi
1960 2478 2293 2560 Augusto,
2336 2480 2531 2564 cujus
2574 2497 2699 2543 no-

501 2601 659 2646 men
690 2583 952 2647 interire
985 2581 1205 2648 Musae
1235 2602 1370 2646 non
1397 2583 1633 2660 sinent,
1654 2581 1740 2646 ad
1764 2580 2217 2662 Com-ingiam,
2246 2580 2699 2645 professorem

503 2682 1131 2765 Helmstadiensem,
1158 2685 1565 2763 mittebatur,
1597 2691 1678 2748 ut
1693 2682 2028 2768 judicium
2058 2682 2145 2746 de
2169 2702 2253 2748 eo
2280 2682 2504 2747 fen-et.
2559 2683 2700 2747 Iste

501 2787 654 2853 haec
677 2787 742 2851 in
771 2787 985 2852 fronte
1036 2786 1208 2851 Msti
1254 2786 1622 2871 inscripsit,
1662 2792 1838 2851 teste
1882 2785 1951 2850 J.
2001 2783 2392 2850 Burckfflrd
2441 2784 2702 2850 Hister.

504 2889 942 2955 Bibliothecae
1006 2887 1338 2972 Augustae
1402 2908 1449 2955 1.
1507 2890 1661 2955 229.
1718 2894 1740 2923 ‘
1766 2889 2119 2953 Terentius
2174 2887 2350 2953 Cod.
2408 2888 2702 2952 chartac.

501 2990 743 3056 Codex
771 2993 880 3056 hic
910 2992 1207 3055 continet
1229 2992 1489 3058 scholia
1514 2993 1583 3056 in
1608 2991 1994 3057 Comoedias
2014 3010 2248 3056 omnes
2266 2990 2702 3055 Terentianas

502 3113 637 3157 non
667 3094 1172 3159 contemnenda.
1260 3094 1435 3174 Quis
1463 3096 1580 3159 ille
1606 3095 2008 3160 scholiastes
2035 3095 2317 3177 ignor-03
2359 3094 2490 3157 nisi
2517 3092 2701 3176 quod

506 3193 991 3279 deprehendam
1023 3204 1093 3260 et
1123 3202 1322 3262 aetate
1367 3204 1436 3263 et
1485 3196 1791 3263 doctrina
1838 3198 2025 3262 illum
2055 3217 2210 3262 esse
2240 3198 2507 3281 Donato
2537 3197 2705 3259 inse-

503 3297 764 3362 riorem.
828 3297 989 3363 Non
1013 3299 1216 3364 credo
1241 3299 1567 3366 hactenus
1587 3303 1986 3386 impressum
2008 3298 2343 3384 prodiisse
2366 3301 2435 3362 in
2463 3298 2710 3366 lucem.

347 3481 369 3493 ἢ
503 3397 845 3462 Volumen
893 3400 962 3462 in
1015 3399 1222 3465 Italia
1267 3420 1421 3465 esse
1468 3410 1843 3480 exaratum,
1888 3422 1977 3466 ex
2015 3402 2300 3485 adjectis
2330 3400 2443 3464 fini
2472 3403 2703 3485 operis

505 3500 860 3562 versiculis
894 3498 1179 3578 Italicis,
1225 3502 1539 3585 colligere
1569 3511 1691 3568 est.
1781 3503 2032 3567 Modus
2061 3503 2390 3567 scribendi
2420 3503 2702 3582 indicat,

504 3604 830 3685 scriptum
873 3622 1025 3666 esse
1070 3611 1221 3668 ante
1257 3604 1383 3668 hos
1412 3614 1744 3669 trecentos
1772 3606 1879 3669 vel
1910 3605 2436 3688 quadringentos
2462 3625 2704 3683 annos,

504 3724 880 3788 quanquam
910 3705 1063 3788 ipse
1095 3714 1330 3771 auctor
1368 3708 1563 3789 longe
1613 3708 1707 3771 sit
1745 3705 2122 3791 antiquior!
2207 3704 2523 3790 Codicem
2554 3714 2707 3772 ante
2739 3786 2746 3790 Α

506 3808 833 3870 saeculum
864 3823 1043 3872 xm.
1073 3815 1426 3873 exaratum
1457 3828 1634 3886 esse,
1678 3811 1767 3873 ob
1798 3809 2139 3873 materiam
2170 3809 2288 3873 cui
2332 3810 2706 3893 inscriptus

507 3914 636 3985 est,
679 3909 971 3972 chartam
1019 3910 1287 3974 scilicet
1328 3910 1687 3976 hodienum
1731 3912 2072 3989 usitatam,
2113 3909 2420 3975 affirmari
2457 3913 2709 3994 nequit.

508 4010 695 4074 Num
727 4009 949 4075 adhuc
977 4011 1468 4097 Guelpherhyti
1497 4020 1894 4091 asservetur,
1937 4015 2046 4077 vel
2075 4034 2211 4096 quo
2239 4019 2558 4077 terrarum
2588 4014 2709 4078 de-

507 4112 791 4188 venerit,
835 4110 1052 4175 dicere
1078 4132 1217 4177 non
1242 4114 1483 4196 haheo.
1569 4113 1768 4179 Certe
1793 4134 1924 4178 non
1954 4124 2063 4178 est
2088 4116 2219 4179 duo
2240 4114 2709 4201 Guelpherby-

508 4221 814 4278 tauorum
862 4233 1059 4292 unuS,
1101 4235 1275 4298 quos
1326 4235 1450 4298 pro
1503 4215 1791 4282 editione
1844 4217 2182 4285 Bothiana
2236 4219 2322 4283 cl.
2375 4218 2708 4285 Gesenius
