3050 4942
1029 387 1128 434 nn
1173 385 1455 433 uarius
1502 383 1837 434 cumeis.
2398 369 2528 436 123

420 527 584 587 Idem
611 527 864 588 Sisenna
905 528 965 587 in
996 526 1303 589 Aulularia
1331 529 1457 589 sic:
1518 529 1669 588 Haec
1714 544 1895 606 scena
1941 525 2304 605 anapaestico
2339 537 2529 586 metro

348 633 458 695 est,
487 623 594 683 sed
619 625 860 685 concisa
887 635 1048 697 sunt,
1075 635 1144 696 ut
1169 644 1288 686 non
1315 623 1633 703 intelligas.

417 718 578 782 Juba
604 722 664 780 in
695 721 845 782 libro
874 731 1090 805 quarto
1119 723 1204 783 sic
1232 722 1415 784 dicit:
1475 722 1807 782 lamborum
1839 721 2039 800 itaque
2080 717 2348 797 exempla
2392 737 2526 798 quas

340 819 590 878 maxime
635 820 1011 899 frequentata
1060 830 1199 880 sunt
1224 817 1501 881 subdidi:
1547 825 1721 894 πάτερ
1759 816 2075 893 Λυκάμβα,
2101 822 2267 876 ποῖον
2307 816 2526 895 ἐφρᾶσω

342 914 487 976 τόδε.
558 915 782 977 Δαναὸς
824 919 856 977 ὁ
902 920 1247 989 πεντήκοντα
1290 920 1611 993 θυγατέρων
1647 921 1848 993 πατήρ.
1892 917 2062 996 ξανθῇ
2107 916 2329 993 παλαιῇ
2372 911 2526 987 γρηῒ,

342 1018 624 1099 πολλῇσιν
649 1019 806 1099 φίλῃ.
834 1014 942 1075 οἵδ’
986 1016 1093 1076 ὑπὸ
1138 1018 1250 1092 γὰρ
1291 1016 1447 1094 ὑμῶν
1472 1013 1759 1092 παρετάθη
1784 1015 1876 1071 καὶ
1918 1009 2276 1092 Περικλέους.
2308 1009 2527 1088 ἱμάτιον

341 1109 523 1189 ἐφόρει
576 1113 835 1191 μαλακὸν
860 1115 1024 1191 ἐρίων
1049 1112 1368 1173 Σικελικῶν.
1397 1110 1525 1172 τόδε
1553 1111 2026 1191 προσκεφάλαιον,
2054 1111 2247 1190 φησὶν,
2288 1110 2408 1188 ἅμα
2436 1105 2528 1166 σοὶ

339 1205 647 1287 βοῦλομαι.

500 1353 717 1414 Videre
742 1374 861 1414 non
889 1354 1018 1414 vult
1049 1352 1300 1413 Coeliurn
1328 1351 1656 1413 Panaetius.

499 1449 725 1510 Misera
748 1451 974 1513 marino
1003 1469 1138 1528 quae
1166 1447 1393 1510 tumida
1418 1449 1636 1512 littore.

497 1545 703 1607 Valles
732 1566 836 1626 per
862 1546 1011 1610 imas
1041 1565 1217 1610 amne,
1239 1546 1445 1608 labens
1470 1549 1713 1610 coerulo.

498 1643 768 1724 Armiger
790 1644 851 1706 in
881 1643 991 1704 Ida
1016 1642 1171 1724 pede
1193 1661 1346 1723 vago
1374 1643 1574 1706 littora
1599 1655 1831 1723 petens.

497 1740 758 1814 Coerula,
784 1760 903 1800 non
933 1740 1101 1800 aliter
1129 1759 1417 1821 superans
1447 1739 1677 1820 liquida
1706 1741 1997 1802 malaciae.

495 1842 653 1916 παρὰ
677 1846 848 1920 σοφοῦ
870 1843 1019 1917 μάθε
1047 1840 1228 1900 κλίνων
1255 1838 1368 1898 ὅσα
1394 1845 1564 1899 τίσαν
1590 1841 1928 1920 καταμάθοι.

499 1935 671 2015 Rape
699 1935 880 2011 faces,
908 1954 1055 2015 cape
1083 1955 1250 2017 puer,
1279 1955 1457 2016 sopor
1481 1937 1624 2010 abit,
1650 1956 1798 1998 cane
1823 1937 2033 1997 melos.

342 2084 411 2143 In
436 2083 552 2144 alio
582 2083 715 2144 loco
741 2083 866 2144 sic:
911 2083 1233 2144 Iambicum
1259 2093 1508 2144 metrum
1536 2104 1657 2146 non
1686 2104 1759 2147 ex
1788 2085 1930 2145 solis
1967 2083 2175 2145 iambis
2203 2079 2524 2145 conscribiss

336 2190 448 2255 tur,
499 2179 611 2240 sed
664 2180 920 2261 quinque
974 2180 1223 2261 suscipit
1275 2180 1479 2261 pedeS‚
1535 2180 1598 2242 id
1644 2192 1756 2257 est,
1807 2182 2088 2257 iambum,
2146 2182 2525 2255 tribrachum,

335 2287 726 2358 anapaestum,
753 2274 1077 2357 dactylum,
1116 2286 1177 2337 et
1204 2277 1574 2358 spondaeum,
1616 2278 1731 2341 hoc
1780 2290 1893 2352 est,
1941 2279 2195 2340 iambum
2238 2290 2300 2340 et
2341 2298 2525 2358 spon-

337 2374 536 2435 daeum
564 2383 627 2435 et
653 2374 981 2435 solutiones
1011 2393 1234 2448 eorum,
1268 2374 1496 2436 scilicet
1524 2395 1599 2436 ex
1625 2376 1802 2438 iambi
1829 2376 2118 2437 solutione
2147 2377 2522 2438 tribrachum.

336 2473 514 2547 Nam,
546 2471 599 2532 si
627 2480 968 2552 sequentem
994 2471 1235 2554 longam
1266 2473 1555 2555 syllabam
1586 2474 1646 2533 in
1673 2474 1823 2535 duas
1843 2476 2049 2535 breves
2080 2474 2299 2547 solvas,
2324 2475 2424 2533 fiet
2447 2472 2523 2532 de

333 2570 528 2630 iambo
556 2568 905 2630 tribrachus.
990 2570 1268 2650 Spondaei
1317 2583 1518 2632 autem
1568 2572 1892 2632 solutiones
1934 2572 2104 2644 duas,
2135 2569 2435 2650 dactylum
2461 2576 2524 2628 et

334 2677 725 2747 anapaestum.
812 2666 990 2740 Nam,
1040 2668 1092 2728 si
1146 2668 1307 2749 prior
1362 2668 1592 2749 syllaba
1634 2668 1904 2747 spondaei
1954 2668 2216 2729 solvatur
2263 2667 2324 2728 in
2371 2664 2523 2725 duas

333 2763 560 2838 breveS,
608 2764 710 2822 fiet
753 2773 1135 2843 anapaestust
1206 2765 1259 2824 si
1298 2783 1436 2824 vero
1486 2763 1772 2837 secunda,
1821 2764 1925 2824 fiet
1967 2763 2262 2843 dactylus.
2345 2758 2521 2818 Unde

336 2860 510 2921 datur
538 2860 809 2940 intelligi,
860 2861 1110 2922 iambica
1156 2870 1343 2922 metra
1387 2862 1463 2922 de
1511 2862 1706 2922 iambo
1733 2871 1794 2922 et
1837 2861 2121 2943 spondaeo
2170 2858 2314 2931 fieri,
2357 2867 2418 2918 et
2444 2856 2519 2917 de

338 2976 536 3018 eorum
570 2955 983 3019 solutionibus.

415 3054 510 3114 De
530 3052 862 3114 choliambo
880 3052 997 3114 sic:
1028 3054 1139 3115 Est
1166 3064 1361 3116 autem
1383 3055 1705 3135 proceritas
1726 3053 1988 3134 ejusdem
2007 3068 2211 3114 versus
2228 3049 2328 3129 qui
2345 3049 2519 3109 unius

335 3149 501 3232 pedis
555 3149 879 3210 differentia
926 3171 1138 3212 nomen
1181 3153 1429 3220 amittit:
1474 3172 1633 3227 nam,
1663 3153 1823 3234 quod
1853 3159 2019 3213 sexto
2044 3148 2197 3222 loco,
2226 3146 2326 3227 qui
2351 3148 2519 3206 locus

335 3266 440 3328 par
468 3256 584 3320 est,
614 3266 729 3305 non
778 3247 1028 3322 iambus,
1074 3249 1182 3309 sed
1212 3250 1533 3331 spondaeus
1560 3250 1652 3311 vel
1698 3248 1991 3310 trochaeus
2041 3244 2343 3324 accipitur,
2394 3253 2454 3302 et
2482 3262 2519 3302 a

339 3342 519 3425 longa
549 3342 751 3423 incipit
787 3344 1036 3425 syllaba,
1067 3346 1356 3408 claudum.
1383 3366 1617 3407 carmen
1643 3347 1802 3419 facit,
1846 3356 1908 3407 et
1933 3341 2382 3406 choliambicum
2410 3357 2520 3398 no-

336 3440 613 3512 minatur,
643 3450 707 3499 ut
733 3452 860 3502 est:
887 3438 981 3502 Ὠ
1001 3446 1371 3524 κλαὲομὲνοιο
1397 3445 1686 3522 βούπαλοε
1708 3446 2051 3505 κατέκτειθεν
2072 3433 2376 3500 Ἀκοῦσαθ’
2399 3435 2517 3496 Ἱπ-

334 3544 635 3622 πώνακτος.
679 3546 745 3602 οὒ
792 3545 921 3621 γάρ.
971 3540 1105 3602 ἄλλ’
1153 3546 1305 3614 ἥκωε
1371 3548 1388 3577 ‘
1415 3542 1469 3602 Ο
1518 3562 1655 3622 quae
1703 3541 1985 3602 tenerulae
2030 3533 2319 3615 comparis
2348 3545 2517 3594 tenes

334 3642 575 3715 crinem,
605 3641 795 3701 Sudes
825 3642 886 3700 in
924 3640 1039 3700 ista
1061 3638 1155 3698 via
1181 3639 1327 3698 latet
1352 3638 1556 3699 fossa.'
1638 3636 1814 3705 Quod
1843 3646 2040 3696 autem
2064 3632 2217 3693 binis
2245 3628 2517 3709 pedibus,

333 3749 392 3801 et
417 3759 540 3800 non
571 3738 819 3819 singulis
849 3736 1172 3808 scanditur,
1198 3743 1368 3795 vetus
1397 3733 1726 3792 institutum
1751 3742 1882 3793 est:
1912 3730 2126 3810 quippe
2152 3725 2515 3811 Herodotus,
2537 3803 2545 3808 ·

335 3837 612 3917 antiquus
639 3834 898 3895 historiae
927 3844 1149 3905 auctor,
1178 3852 1312 3892 cum
1343 3830 1418 3890 de
1452 3829 1686 3889 heroico
1714 3827 1934 3888 diceret
1959 3843 2150 3894 versu,
2179 3840 2354 3902 quem
2397 3820 2517 3880 sin-

333 3934 485 4014 gulis
530 3931 734 4014 partiri
777 3930 1024 4012 pedibus
1070 3928 1246 3988 moris
1295 3936 1406 3999 est,
1447 3927 1532 3985 ita
1559 3923 1737 3984 dixit:
1799 3929 1890 3983 καί
1934 3934 2063 4001 σφιν
2088 3923 2330 3992 ἠπίθυνα
2356 3924 2514 3999 φήσω

334 4034 557 4092 ἅλυσιν.
646 4028 818 4087 Unde
857 4036 1101 4107 apparet
1144 4024 1441 4085 heroicum
1491 4021 1744 4101 singulis
1786 4018 2033 4099 pedibus
2080 4014 2286 4078 scandi
2332 4014 2511 4074 etiam
2592 4031 2603 4047 ⁸

337 4128 492 4209 apud
519 4127 765 4187 Veteres
805 4122 1064 4195 solitum,
1114 4121 1426 4181 iambicum
1474 4129 1671 4179 autem
1720 4116 1894 4178 binis.
1976 4115 2141 4176 Idem
2181 4121 2377 4173 autem
2405 4110 2508 4182 ait,

337 4244 466 4286 cum
496 4224 572 4285 de
603 4219 955 4282 Archilocho
983 4218 1156 4280 Pario
1184 4218 1380 4292 refert,
1431 4216 1530 4297 qui
1578 4214 1751 4295 Gigae
1778 4210 2037 4275 fabulam
2084 4210 2299 4290 optime
2348 4226 2510 4267 com-
2604 4209 2627 4234 ⁶
