3050 4942
869 404 968 453 nn
1013 401 1315 451 comcls
1363 400 1985 451 mmnnsmmnus.
2389 381 2519 452 153

315 546 710 627 junctionem,
753 549 914 619 nam',
964 565 1084 607 non
1129 544 1401 618 collidas,
1446 544 1596 606 nihil
1645 545 1994 607 innovabis:
2037 545 2362 623 praesertim
2389 565 2525 605 cum

323 645 387 703 in
442 653 676 724 promtu
724 643 962 715 habuit,
980 653 1047 702 ut
1069 662 1195 722 pro,
1224 662 1383 716 nam,
1428 642 1763 722 subjiceret,
1812 661 2086 721 namque.
2168 642 2409 714 Verum,
2450 653 2520 702 ut

323 740 584 800 diximus
614 740 791 801 etiam
819 739 880 799 in
910 740 1026 800 alio
1055 738 1312 818 Prologo
1354 739 1511 798 idem
1541 739 1761 800 factum
1790 748 1902 811 est,
1926 747 1994 797 ut
2018 738 2434 817 geminaretur,
2462 747 2525 798 et

322 849 523 896 recte:
572 836 764 895 minus
802 855 940 896 vero
984 846 1145 896 recte
1190 855 1226 895 a
1273 835 1513 895 Donato
1550 835 1610 894 in
1653 834 1907 915 Hecyrae
1937 834 2230 913 Prologo:
2286 842 2303 867 ‘
2329 833 2523 914 Prope

316 932 445 1011 jam
473 943 821 993 remmotum
849 931 1062 1012 injuria
1090 932 1530 993 adversarium!
1595 933 1773 1004 Nam,
1810 931 2045 991 tametsi
2076 931 2358 1009 geminari
2383 949 2526 989 con-

329 1030 599 1090 suevisse
646 1030 914 1103 fatemur,
962 1040 1162 1091 tamen
1213 1049 1330 1090 non
1362 1049 1493 1090 eum
1543 1029 1730 1090 fuisse
1777 1028 1997 1101 locum,
2048 1047 2180 1088 eam
2207 1025 2524 1087 affectandi

326 1127 725 1198 novationem,
770 1125 869 1205 qui
906 1125 1022 1185 sibi
1066 1126 1342 1198 iambum,
1384 1124 1879 1205 quandocumque
1926 1134 2150 1204 posset,
2191 1124 2526 1183 ascisceret.

327 1222 520 1283 Sicuti
549 1240 668 1281 non
697 1222 891 1281 minus
919 1221 1234 1283 infeliciter
1262 1221 1636 1282 Priscianus:
1678 1221 1802 1301 qui,
1829 1242 1985 1295 cum,
2025 1220 2314 1293 redducit,
2343 1220 2527 1300 gemi-

326 1340 475 1379 nare
505 1330 726 1379 mutam
757 1317 1001 1393 diceret,
1027 1317 1207 1397 idque
1245 1317 1516 1398 exemplo
1561 1319 1808 1398 probare
1853 1318 2053 1392 vellet,
2098 1317 2301 1378 attulit
2343 1316 2528 1376 dime-
2560 1369 2573 1386 ,

327 1423 485 1477 trum
536 1413 928 1474 Horatianum
975 1432 1049 1474 ex
1078 1413 1326 1494 Epodo:
1389 1420 1407 1448 ‘
1433 1413 1747 1476 Redducet
1787 1413 1848 1473 in
1895 1415 2094 1475 sedem
2121 1414 2288 1484 vice!
2370 1415 2527 1473 Nam

325 1511 477 1592 quid
504 1510 645 1582 aiat,
698 1510 746 1570 si
776 1510 1032 1590 negem?
1071 1531 1266 1591 neque
1293 1510 1449 1571 enim
1484 1512 1841 1573 necessitate
1868 1510 2040 1591 pedis
2080 1510 2530 1590 persuadebitur

327 1609 527 1670 nobis.
592 1606 751 1676 Quid
785 1608 835 1667 si
864 1607 1222 1669 contendam
1245 1629 1366 1669 non
1396 1629 1530 1669 esse
1552 1610 1773 1669 factum
1801 1609 1876 1669 ab
1895 1608 2165 1681 Horatio,
2186 1608 2306 1687 qui,
2328 1606 2527 1687 quoad

329 1715 552 1785 potest,
584 1705 814 1765 iambos
843 1706 1019 1765 etiam
1049 1706 1414 1786 aucupatur?
1458 1708 1655 1777 Quare
1704 1705 1883 1786 igitur
1910 1705 2183 1785 abjecerit
2211 1705 2528 1784 genuinum

327 1800 565 1882 pedem,
614 1821 796 1880 quare
844 1801 1149 1872 admiserit
1194 1803 1452 1883 spuriam
1502 1803 1755 1875 literam,
1808 1813 1877 1862 ut
1928 1800 2093 1861 illum
2141 1798 2526 1862 excluderet?

331 1899 557 1959 Melius
585 1898 846 1971 fecisset,
877 1900 925 1960 si
956 1919 1030 1959 ex
1059 1901 1295 1981 Hecyra
1318 1899 1506 1962 illud:
1553 1907 1569 1935 ‘
1595 1898 1926 1961 Remissam
1956 1918 2104 1978 opus
2136 1899 2214 1958 sit
2233 1897 2423 1970 vobis,
2452 1916 2529 1957 an

327 1995 685 2055 redductam
732 1995 1010 2057 domum.'
1094 1995 1302 2077 Neque
1331 1997 1562 2069 mirum,
1612 2016 1749 2076 quoe
1793 1996 1875 2067 in,
1923 1994 2128 2068 reddo,
2185 1994 2529 2073 geminetur.

329 2090 402 2150 In
432 2109 617 2152 scena
645 2110 877 2171 quoque
908 2092 1078 2171 primi
1104 2102 1273 2153 actus
1302 2094 1527 2172 quinta,
1577 2111 1710 2152 cum
1742 2089 2034 2170 Pamphili
2076 2088 2324 2150 orationi
2352 2089 2531 2149 inter-

332 2188 603 2248 venisset
631 2188 846 2267 Mysis,
875 2198 1054 2268 atque
1072 2190 1195 2250 suis
1219 2200 1465 2270 uterque
1488 2209 1756 2251 seorsum
1779 2188 2087 2249 affectibus
2106 2197 2385 2258 uteretur,
2405 2205 2532 2246 ver·

332 2304 437 2344 sus
478 2285 820 2345 interseruit
859 2286 1123 2348 diversos
1169 2306 1407 2368 quoque
1448 2287 1660 2360 Poeta,
1706 2306 1858 2367 quos
1899 2286 2181 2346 Erasmus
2226 2281 2528 2343 confudit:

333 2381 420 2440 sic
448 2380 631 2459 igitur
657 2380 893 2459 legendi
922 2393 1096 2443 sunt:
1140 2390 1156 2417 ‘
1178 2383 1445 2444 Hoccine
1471 2395 1566 2445 est
1593 2384 1915 2444 humanum
1936 2383 2179 2452 factum,
2205 2390 2312 2440 aut
2330 2380 2532 2460 incep-

332 2477 502 2536 tum?
543 2478 792 2539 hoccine
821 2479 1075 2539 officium
1102 2479 1333 2560 patris?
1376 2480 1536 2549 Quid
1580 2479 1728 2541 illud
1756 2478 1895 2540 est?
1939 2479 2101 2540 Proh
2130 2478 2323 2538 Deum
2352 2485 2532 2556 atque

338 2573 648 2635 hominum
673 2573 871 2648 fidem,
919 2575 1063 2654 quid
1091 2585 1206 2649 est,
1234 2577 1285 2635 si
1316 2595 1437 2637 non
1466 2575 1599 2637 hoec
1626 2575 1982 2637 contumelia
2010 2585 2103 2635 est
2121 2573 2147 2632 ’ἐ
2167 2572 2183 2596 ’
2245 2573 2347 2634 Sic
2374 2572 2534 2634 enim
2590 2651 2596 2657 ⁵

336 2670 515 2731 etiam
545 2671 664 2731 alio
694 2692 909 2752 genere
952 2673 1146 2753 Mysis
1172 2674 1354 2733 utitur
1391 2673 1639 2733 iterum:
1698 2679 1716 2707 ‘
1742 2672 2022 2732 Miseram
2050 2690 2165 2745 me,
2207 2669 2371 2748 quod
2400 2688 2533 2729 ver-

334 2766 475 2826 bum
505 2767 763 2827 audio‘3'
830 2768 943 2828 Cui
991 2767 1312 2849 respondet
1337 2767 1485 2827 illud
1513 2767 1847 2847 Pamphili:
1890 2773 1905 2802 ‘
1937 2765 2117 2836 Quod
2165 2765 2215 2824 si
2243 2766 2330 2839 fit,
2356 2783 2534 2844 pereo

337 2861 647 2924 funditus!
731 2864 800 2924 In
851 2865 1061 2925 eadem
1098 2875 1297 2926 autem
1345 2885 1527 2926 scena
1559 2885 1793 2926 versum
1838 2864 2042 2923 illum:
2111 2868 2128 2896 ⁴
2153 2860 2312 2922 Proh
2341 2860 2534 2921 Deum

339 2969 518 3039 atque
574 2959 880 3023 hominum
927 2963 1127 3036 fidem,
1175 2962 1419 3024 nullone
1469 2982 1585 3043 ego
1604 2983 1621 3023 :
1638 2961 1654 2988 ’
1714 2960 1975 3044 appellat
2022 2957 2335 3022 dimetrum
2379 2957 2536 3039 pede

337 3055 732 3130 redundante,
781 3058 914 3121 laxe
951 3078 1097 3120 sane
1125 3059 1320 3120 nimis.
1405 3060 1559 3120 Nam
1589 3059 1971 3140 quamobrem
2007 3075 2128 3116 non
2159 3055 2536 3136 quinarium?

338 3171 523 3231 quare
568 3172 688 3213 non
737 3155 1060 3215 trimetrum
1103 3155 1781 3238 brachycatalecticum?
1843 3155 1978 3234 quis
2027 3173 2288 3234 unquam
2315 3153 2539 3214 audivit

338 3267 573 3309 versum
595 3247 779 3310 ullum
798 3250 951 3330 pede
972 3271 1106 3312 esse
1127 3250 1539 3312 redundante?
1581 3271 1779 3313 nonne
1800 3251 1930 3333 ipse
1949 3250 2049 3311 ille
2066 3270 2270 3312 versus
2290 3250 2426 3311 talis
2445 3262 2538 3311 est

336 3345 451 3406 hoc
467 3345 604 3424 ipso
623 3345 798 3425 pede,
819 3366 994 3426 quem
1016 3346 1163 3407 dicis
1177 3347 1509 3408 redundare
1531 3346 1557 3406 ’ζ
1586 3347 1742 3408 Illud
1759 3367 1997 3428 quoque
2017 3348 2173 3408 male
2190 3347 2539 3426 dignoscere

337 3443 648 3503 visisunt:
691 3461 825 3503 cum
847 3454 1018 3504 actus
1048 3441 1292 3504 secundi
1307 3453 1594 3524 putarunt
1618 3442 1869 3517 initium,
1886 3443 2141 3505 caudam
2157 3463 2290 3503 esse
2309 3453 2541 3523 postre-

338 3538 415 3598 mi
444 3557 675 3609 versus‚
715 3558 836 3618 quo
871 3539 1168 3601 clauditur
1196 3550 1367 3600 actus
1395 3540 1657 3620 primus:
1701 3541 1824 3602 sic:
1868 3541 1962 3601 Ne
2006 3540 2085 3601 ad
2130 3542 2397 3601 morbum
2421 3541 2538 3602 hoc

339 3635 558 3704 etiam:
589 3644 801 3695 teneo:
843 3636 987 3715 quid
1018 3636 1127 3708 ais,
1175 3635 1501 3717 Byrrhia‘e’
1566 3636 1744 3709 Nam,
1787 3647 1853 3697 ut
1892 3635 2009 3696 hoc
2045 3636 2292 3717 primum
2322 3635 2537 3709 dicam,

340 3731 526 3794 multo
555 3732 746 3795 satius
768 3740 880 3807 est,
909 3743 977 3792 ut
998 3732 1166 3792 initia
1185 3744 1423 3794 actuum
1451 3732 1685 3813 integra
1702 3734 1839 3804 sint,
1858 3752 2037 3812 quam
2058 3732 2227 3792 fines.
2307 3730 2540 3793 Deinde

344 3838 591 3908 apparet
618 3829 955 3908 properatio
986 3829 1049 3890 in
1078 3829 1313 3910 Myside
1355 3831 1630 3904 abeunte,
1656 3839 1725 3889 ut
1752 3828 2091 3911 Glycerium
2118 3826 2539 3890 consolaretur.

342 3923 551 4003 Itaque
579 3926 811 4006 abrupit
838 3944 1186 4008 sermonem,
1210 3937 1390 4007 atque
1416 3927 1577 3989 abiit.
1648 3925 1945 3985 Praeterea
1971 3924 2123 3984 inter
2150 3933 2319 3984 actus
2348 3924 2536 3985 Vetus

343 4020 651 4081 Comoedia
678 4013 1064 4086 interserebat
1103 4034 1489 4106 προσρήματα,
1519 4024 1754 4097 choros,
1804 4019 2097 4095 deverbia,
2127 4019 2540 4101 apostrophas,

346 4125 520 4194 atque
548 4118 669 4178 alia
692 4118 1003 4198 ejusmodi.
1088 4119 1259 4180 Nova
1288 4120 1598 4181 Comoedia
1642 4139 1773 4181 raro
1833 4137 2095 4199 gregem,
2144 4118 2258 4178 nisi
2297 4118 2358 4177 in
2399 4117 2537 4178 fine.

350 4211 684 4290 Aliquando
735 4214 913 4274 etiam
970 4214 1311 4296 Choragum
1365 4215 1619 4296 legimus
1671 4215 1829 4296 apud
1879 4215 2177 4276 Plautum.
2281 4214 2538 4275 Omnino

350 4317 537 4372 autem
555 4309 775 4374 tibicen
803 4312 1089 4375 canebat:
1120 4311 1295 4425 §quod
1324 4332 1357 4374 e
1386 4311 1687 4379 Pseudulo
1728 4313 1868 4377 licet
1893 4312 2263 4395 perspicere:
2329 4316 2347 4347 ‘
2373 4310 2535 4374 Dum
