3050 4942
518 378 652 444 290
1268 389 1331 436 P.
1377 379 1745 435 rnn'ssnrn
1793 384 1976 435 Arm

520 541 626 606 S1.
673 478 985 604 kioccine
1016 535 1188 620 agiS,
1221 552 1308 599 an
1333 551 1470 599 non
1490 535 1521 597 ‘t
1616 533 1756 599 DA.
1801 533 1948 616 Ego
1978 549 2131 597 vero
2159 529 2356 597 istuc.
2429 529 2537 595 81.
2580 528 2723 596 Sed

777 661 956 706 nune
986 659 1070 705 ea
1099 657 1207 702 me
1237 638 1619 722 exquirere,
2632 632 2721 696 15

517 743 746 831 Iniqui
774 745 987 829 patris
1016 747 1156 808 est:
1231 760 1411 818 nam,
1467 739 1656 824 quod
1703 739 1988 805 antehac
2038 734 2221 814 feeit,
2263 734 2429 801 nihil
2479 735 2570 800 ad
2614 753 2722 800 me

519 952 702 1016 Dum
730 852 1131 1032 teaiititsliltllitod
1160 965 1308 1011 eam
1353 964 1500 1010 rem
1546 942 1725 1021 tulit,
1779 941 1932 1018 sivi,
1974 940 2262 1006 animum
2295 944 2371 1006 ut
2412 941 2726 1025 expleret

854 1071 1004 1116 um:

519 1157 725 1223 Nunc
755 1073 866 1220 Ιῗίηο
895 1155 1040 1218 dies
1072 1152 1274 1217 aliam
1302 1151 1512 1217 vitam
1543 1149 1757 1227 affert,
1788 1148 1959 1212 alios
1989 1165 2212 1212 mores
2241 1149 2564 1232 postulat.

517 1260 777 1325 Dehinc
800 1258 1102 1341 postule,
1134 1255 1280 1322 sive
1313 1271 1584 1339 aequum
1601 1251 1708 1330 ’st,
1741 1260 1810 1318 te
1828 1271 1969 1332 oro,
1988 1249 2209 1332 Dave,
2229 1259 2307 1316 ut
2332 1252 2557 1318 redeat
2573 1252 2721 1338 jam

520 1475 665 1541 DA.
711 1387 1075 1554 Ηΐοᾜίξὲ.
1109 1468 1243 1534 siti
1333 1467 1435 1531 Sl.
1483 1465 1737 1532 Omnes
1790 1466 1907 1552 qui
1955 1468 2200 1543 amant,
2252 1462 2547 1546 graviter
2587 1464 2722 1530 sibi

680 1591 694 1628 ·.
775 1572 920 1638 dari
951 1591 1228 1637 uxorem
1256 1571 1499 1637 ferunt.
2631 1567 2725 1632 20

510 1757 794 1808 Advertim
815 1757 1021 1807 animum
1041 1758 1104 1807 ud
1126 1772 1199 1819 ea,
1219 1772 1325 1820 quoe
1359 1770 1390 1802 a
1411 1771 1486 1805 me
1505 1755 1743 1818 dicuntur,
1778 1771 1843 1804 an
1874 1752 2006 1806 non?
2072 1756 2182 1806 DA.
2214 1753 2446 1806 adverto.
2511 1756 2590 1808 81.
2625 1756 2721 1807 Sed

512 1838 638 1873 nunc
650 1838 724 1872 me
743 1824 924 1872 curiose
940 1822 1196 1886 inquirere,
1217 1821 1434 1887 aufidius
1454 1826 1599 1881 annet,
1615 1821 1865 1870 severioris
1885 1827 1933 1871 et
1955 1820 2163 1870 durioris
2181 1820 2518 1885 patrissuerit.
2575 1822 2726 1883 Nam,

511 1890 635 1950 quod
658 1889 854 1937 antehae
875 1888 1025 1950 fecit,
1060 1888 1131 1936 nil
1160 1902 1263 1936 mea
1285 1886 1452 1946 refert.
1520 1886 1653 1935 Dum
1690 1893 1876 1949 tempus
1909 1886 2231 1935 adolescentia·
2262 1900 2465 1935 amorem
2484 1885 2725 1949 permisit,

513 1952 607 2001 sivi
627 1957 683 2001 ut
703 1953 908 2001 animum
925 1951 1245 2019 voluptatibus
1265 1953 1481 2000 satiaret.
1549 1951 1690 2000 Nunc
1709 1951 1794 1999 hoe
1813 1956 1995 2013 tempus
2014 1950 2157 2000 aliam
2172 1951 2286 2001 vitoe
2304 1951 2538 2000 rationem
2556 1950 2723 2016 affert,

512 2017 634 2066 alios
653 2032 804 2065 mores
822 2019 1049 2079 postulat.
1116 2016 1305 2065 Dehine
1331 2017 1535 2078 postulo,
1559 2015 1661 2064 sive
1695 2030 1877 2079 aequum
1898 2020 1988 2075 est,
2027 2021 2074 2064 te
2105 2030 2203 2077 oro,
2243 2015 2396 2078 Dave,
2433 2022 2489 2064 ut
2522 2015 2575 2063 in
2595 2016 2721 2064 vium

513 2080 646 2130 bonoe
655 2080 826 2143 swgis
845 2078 1027 2130 redeat.
1091 2081 1199 2131 DA.
1236 2081 1366 2135 Quid
1389 2081 1489 2128 hoeo
1510 2079 1650 2128 verba
1667 2080 1956 2145 significent,
1987 2096 2079 2129 non
2109 2078 2343 2140 intelligo.
2413 2080 2490 2130 81.
2527 2082 2718 2140 Omnes,

513 2145 593 2208 qui
613 2145 790 2195 amicos
812 2145 1001 2208 habent,
1023 2145 1167 2194 inviti
1186 2158 1360 2194 uxores
1387 2144 1624 2209 accipiunt
1647 2160 1677 2191 a
1693 2143 1987 2208 parentibus.
2055 2145 2166 2194 DA.
2199 2145 2281 2194 Ita
2300 2144 2451 2196 aiunt.
2520 2145 2659 2209 Tum,
2677 2145 2720 2193 ri

1705 2298 1798 2317 m

510 2379 652 2456 inter
670 2394 725 2457 se
745 2378 1145 2444 permutantur!
1168 2380 1459 2456 Perta-16.
1476 2380 1630 2436 Quod.
1667 2380 1803 2430 Sunt
1825 2395 1890 2429 ex
1914 2380 2041 2456 Mss.
2056 2384 2124 2456 ‘et
2145 2378 2458 2445 editionibus
2481 2377 2718 2454 vetustis,

495 2445 787 2568 53‘20‘132‘33
811 2450 1592 2574 33¹..22ffi22‘psszz’221‘552‘352
1624 2444 2717 2575 {25⁸5.·2}‚.⁷..⁶²’3.iffaffssagssazssssssss‘t

510 2572 615 2623 fert
636 2573 750 2622 sivi.
780 2574 969 2624 BrunS.
1020 2574 1241 2624 Codices
1265 2574 1473 2640 quidam
1498 2590 1583 2638 ap.
1610 2575 1760 2624 Lind.
1784 2589 1879 2638 pro
1896 2575 1989 2623 sivi
2008 2574 2203 2623 habent
2224 2580 2481 2623 vetustam
2499 2571 2714 2622 formam

509 2639 623 2701 sini,
645 2652 761 2704 quae
784 2637 924 2688 forte
964 2654 993 2688 a
1023 2640 1255 2689 Terentii
1279 2654 1432 2688 manu
1465 2648 1567 2689 est.
1607 2640 1740 2690 R.D.
1807 2639 1921 2689 Sini
1952 2639 2044 2687 dat
2067 2639 2257 2689 Z.—18
2281 2639 2342 2686 In
2362 2639 2614 2702 lectione,
2644 2637 2717 2685 his

511 2703 633 2766 dies,
664 2704 829 2753 nostri
861 2712 913 2753 et
942 2703 1123 2754 Faerni
1147 2705 1476 2755 consentiunt
1498 2704 1651 2754 codd.
1720 2705 1824 2754 Sed
1848 2718 2091 2753 numerus
2124 2704 2373 2768 postulat,
2396 2709 2456 2752 ut
2476 2717 2575 2767 pro
2609 2703 2716 2750 vul·

512 2769 624 2831 gari
655 2767 820 2833 affert,
846 2782 962 2817 cum
984 2769 1256 2829 Cicerone,
1277 2770 1447 2833 Epist.
1474 2770 1617 2819 Fam.
1638 2782 1741 2818 xn.
1777 2773 1857 2817 25.
1888 2769 2094 2832 legatur
2114 2769 2284 2828 defert.
2317 2768 2473 2817 Bent.
2540 2766 2715 2826 Defert

511 2846 692 2881 versus
712 2834 1061 2883 exosculatur.
1131 2833 1465 2896 Astipulatur
1500 2834 1605 2883 Gu.
1632 2837 1677 2883 1.
1699 2836 1764 2883 in
1790 2847 1889 2897 quo
1913 2834 2046 2883 male
2070 2840 2332 2897 expuncto
2357 2831 2581 2894 genuino
2605 2845 2713 2880 ver-

509 2896 580 2945 bo
600 2899 1011 2961 superscriptum
1031 2898 1225 2960 legitur
1248 2899 1512 2963 vulgatum
1537 2897 1703 2963 offert.
1736 2898 2024 2947 Both.-19
2054 2898 2109 2948 J.
2136 2903 2183 2947 et
2213 2897 2259 2946 si
2294 2912 2389 2962 pro
2421 2897 2536 2946 sive.
2572 2896 2714 2946 Perl.

510 2963 641 3009 -20
675 2962 750 3010 M.
782 2962 961 3024 Miror,
980 2962 1063 3010 hoc
1085 2963 1199 3025 quid
1229 2964 1312 3011 sit.
1358 2963 1503 3012 Leid.
1531 2968 1581 3012 1.
1621 2961 1787 3024 addit,
1804 2963 1980 3025 nescio,
2001 2967 2051 3012 2.
2084 2962 2271 3023 ignoro,
2310 2962 2400 3010 sed
2439 2968 2712 3025 utrumque

510 3023 718 3073 diversa
748 3039 919 3074 manu.
987 3026 1112 3076 Par.
1154 3040 1221 3074 ex
1261 3027 1363 3075 Ms.
1403 3027 1647 3076 Palatino
1690 3029 1839 3087 citat,
1907 3028 2015 3076 DA.
2039 3027 2151 3076 Hoc
2183 3027 2297 3091 quid
2332 3026 2601 3090 sit,nescio.
2636 3027 2713 3074 81.

508 3087 619 3136 Hoc
655 3088 767 3152 quid
800 3091 883 3150 sit,
914 3089 1083 3138 dicam.
1154 3091 1328 3139 Omnes
1347 3092 1645 3153 quiamant.
1713 3092 2046 3141 Glossemata
2086 3099 2209 3141 sunt
2248 3092 2446 3151 omniat,
2482 3091 2637 3156 quale
2660 3098 2716 3138 et

506 3151 657 3214 illud,
679 3152 815 3216 quod
858 3154 911 3201 in
933 3153 1035 3202 Ms.
1057 3152 1390 3217 Argentorat.
1415 3155 1549 3204 vidit
1573 3156 1873 3207 Boeclerus:
1912 3157 2021 3205 Hoc
2053 3156 2167 3220 quid
2186 3157 2273 3218 sit,
2310 3158 2478 3205 nescio.
2541 3156 2623 3206 81.
2654 3155 2714 3204 Si

567 3229 690 3264 oeras
724 3217 894 3267 dicam.
918 3233 1089 3268 omnes.
1156 3218 1373 3282 Optime
1396 3222 1621 3268 omnium
1647 3221 1850 3285 ellipsin
1873 3221 2140 3285 supplevit
2161 3221 2413 3283 Donatus,
2434 3220 2533 3268 nisi
2558 3219 2716 3284 quod,

502 3229 608 3328 gri
628 3280 715 3329 τοῦ
734 3283 926 3344 queris,
948 3282 1224 3386 leffendum
1244 3299 1418 3347 quoero.
1486 3285 1662 3336 Possit
1688 3294 1862 3335 tamen
1880 3285 2100 3335 fortasse
2120 3285 2492 3348 interrogative
2514 3285 2712 3333 dictum

505 3358 636 3404 esse,
663 3345 767 3394 Hoc
788 3348 901 3410 quid
922 3348 1012 3399 sit.
1059 3362 1171 3411 pr0,
1197 3349 1338 3400 Quid
1364 3349 1531 3398 dicam
1548 3350 1643 3398 hoe
1664 3353 1810 3400 esse?
1844 3352 1976 3403 Quae
2002 3351 2299 3414 explicandi
2324 3351 2458 3399 ratio
2482 3351 2710 3398 siminus

500 3410 703 3473 placet,
726 3412 889 3473 possit
931 3411 1184 3477 abruptus
1230 3413 1363 3462 Davi
1396 3429 1564 3463 sermo
1590 3414 1753 3462 videri
1789 3430 1883 3478 per
1925 3416 2183 3464 Simonem
2218 3415 2466 3464 continuo
2501 3428 2713 3462 narrare

502 3481 803 3537 pergentem
828 3477 1211 3526 connectendas
1235 3492 1350 3526 cum
1376 3478 1501 3539 inis,
1538 3480 1554 3505 ‘
1575 3480 1623 3528 N
1629 3495 1712 3541 on,
1753 3480 1943 3540 hercle,
1985 3479 2250 3541 intelligo!
2318 3481 2478 3528 Certe
2501 3479 2710 3543 quidem

502 3538 751 3601 ejusmodi
793 3540 1035 3604 loquendi
1067 3543 1201 3591 ratio
1242 3541 1486 3606 frequens
1512 3550 1597 3592 est
1629 3544 1683 3592 in
1708 3543 2007 3593 Comoediis.
2086 3545 2308 3593 Uxorem.
2345 3544 2568 3595 Quidam
2593 3543 2708 3591 libri

500 3604 683 3669 scripti
719 3611 789 3670 et⁴
813 3606 961 3668 editi,
996 3621 1185 3656 uxores.
1218 3606 1388 3656 West.
1456 3603 1570 3657 EA.
1617 3609 1727 3659 DA.
1764 3608 1942 3672 Miror,
1974 3610 2059 3658 hoe
2091 3609 2204 3672 quid
2237 3610 2325 3658 sit.
2393 3609 2472 3659 81.
2505 3607 2564 3656 Si
2584 3620 2705 3671 quc-

1492 3752 1705 3803 NOTAE

562 3861 622 3905 15
675 3857 883 3907 Haecine
937 3857 1061 3920 ogis,
1113 3873 1177 3908 απ
1225 3856 1341 3921 non]
1396 3856 1556 3906 Aliud
1639 3858 1950 3924 permiserit,
1975 3858 2183 3910 tandem
2207 3861 2301 3909 sub
2323 3861 2465 3925 ipsas
2490 3860 2695 3926 nuptias

492 3946 645 3993 agere
670 3935 980 3997 proverbiali
1003 3935 1167 3997 figura
1186 3942 1283 3999 est,
1306 3934 1446 3984 aliud
1470 3948 1556 3984 co·
1637 3936 1691 3984 in
1714 3935 1804 3985 filii
1824 3951 1990 3986 mores
2012 3937 2288 4002 inquirere.

497 4009 683 4071 gitare,
706 4022 870 4072 penser-
889 4012 1094 4062 oilleurs.
1331 4046 1338 4067 ,
1702 4015 1765 4061 19
1797 4011 1911 4062 Sive
1934 4028 2115 4076 oequum
2139 4012 2224 4075 'siJ
2257 4012 2467 4063 Ironioa
2498 4024 2691 4063 correc-

558 4086 654 4135 Sed
676 4103 797 4137 nunc
819 4104 874 4138 ea
895 4104 967 4137 me
988 4088 1250 4152 exquirere,
1286 4089 1449 4153 Iniqui
1467 4103 1554 4151 pa·
1639 4082 1739 4137 tio:
1778 4088 2096 4153 ἐπανόρθωσις.
2152 4091 2285 4142 Quae
2312 4091 2452 4141 tollit
2483 4091 2534 4140 id
2559 4088 2688 4154 qnod

491 4161 584 4209 tris
623 4162 717 4224 est]
764 4163 938 4212 Ironia
971 4170 1081 4224 est;
1118 4163 1378 4227 signifieat
1411 4165 1549 4213 enim
1633 4164 1825 4214 dietum
1865 4172 1963 4228 est,
2005 4175 2060 4216 et
2096 4180 2191 4232 pro
2231 4181 2311 4231 eo,
2355 4168 2494 4233 quod
2531 4165 2685 4228 magis

491 4251 592 4286 non
613 4252 723 4287 esse
743 4239 904 4303 iniqui
924 4241 1103 4303 patria,
1126 4256 1242 4290 cum
1261 4246 1363 4290 tam
1384 4244 1550 4292 muita
1629 4242 1871 4293 idoneum
1896 4243 2122 4307 videtur,
2143 4244 2370 4308 reponit.
