3050 4942
1036 364 1133 412 nn
1180 360 1459 412 Murrus
1502 362 1823 412 coniers.
2393 331 2548 424 119'

344 510 636 572 cassionis
665 528 788 568 non
812 505 1111 588 recipiunt,
1143 503 1319 566 alium
1348 523 1524 583 quam
1572 504 1850 580 iambum,
1892 514 1956 568 et
1990 506 2045 568 ei
2071 527 2272 588 parem
2311 510 2520 574 tribra-

343 610 517 669 chum
543 629 561 668 :
622 616 728 667 aut
781 604 833 665 si
880 603 1120 663 alterius
1176 602 1544 664 exhibuerint
1590 603 1755 663 metri
1800 604 2091 682 speciem:
2152 606 2315 687 quod
2362 607 2518 684 dieo,

342 706 612 787 exemplo
665 703 875 764 faciam
923 700 1230 761 illustrius.
1315 700 1425 760 Est
1474 700 1537 760 in
1588 700 1875 762 Eunucho
1915 702 2170 764 Terentii
2211 706 2410 767 statim
2454 709 2519 769 in

340 804 530 883 prima
557 801 777 882 pagina
799 800 900 862 hie
929 818 1131 859 versus
1152 799 1482 859 trimetrus:
1526 798 1793 870 exclusit,
1811 799 2357 872 revbcitssedeam?
2396 816 2518 867 non

340 908 393 959 si
417 909 510 960 me
538 902 826 960 obsecret.
912 896 1087 958 Hunc
1116 895 1307 975 incipe
1335 894 1527 964 ferire,
1549 893 1836 954 videberis
1862 894 2106 958 heroum
2132 895 2347 960 habere
2366 899 2520 964 inter

340 1013 551 1056 manus
583 995 659 1055 ad
684 1012 1000 1056 summam:
1028 992 1233 1071 paucis
1257 990 1498 1072 syllabis
1524 990 1585 1054 in
1612 1000 1910 1071 postremo
1937 993 2198 1066 mutatis,
2221 1004 2381 1061 totus
2409 998 2520 1058 erit

337 1092 592 1153 herous:
639 1091 925 1164 Exclusit,
949 1099 1206 1162 revocat,
1246 1087 1527 1149 redeam?
1569 1108 1687 1150 non
1716 1088 1766 1148 si
1792 1108 1926 1151 mea
1947 1090 2070 1152 fiat.
2153 1091 2378 1153 Ponam
2406 1093 2517 1155 du-

336 1189 498 1249 bium
526 1187 792 1249 secundo
827 1186 960 1247 loco
988 1184 1217 1266 pedem,
1260 1184 1500 1264 propius
1550 1184 1851 1246 accedam.
1937 1186 2127 1250 Heron
2156 1188 2368 1251 &uides
2397 1209 2514 1250 οω-

334 1286 506 1347 mum
531 1295 718 1346 testor
743 1283 946 1345 fidem.
1026 1285 1213 1343 Varro
1241 1281 1300 1342 in
1332 1301 1457 1344 vn.
1535 1281 1850 1344 Clausulas
1874 1301 2110 1363 quoque
2135 1284 2383 1364 primum
2410 1305 2518 1366 ap·-

332 1382 588 1461 pellatas
609 1382 833 1455 dicunt,
861 1381 1023 1462 quod
1050 1379 1394 1441 clauderent
1413 1380 1794 1453 sententiam,
1821 1391 1889 1444 ut
1915 1380 2073 1459 apud
2111 1382 2396 1445 Accium:
2439 1403 2516 1444 an

331 1479 462 1540 haec
479 1480 609 1559 ,iam
638 1479 803 1539 obliti
829 1490 971 1540 sunt
1010 1477 1327 1559 Phryges?
1368 1478 1806 1556 Nonnunquam
1846 1478 1920 1538 ab
1961 1476 2054 1539 his
2080 1478 2311 1541 initium
2334 1480 2422 1553 fit,
2449 1488 2518 1541 nt

329 1576 493 1655 apud
525 1576 866 1637 Caecilium:
910 1576 991 1635 Dr
1012 1577 1156 1637 boni
1180 1574 1325 1655 quid
1368 1574 1524 1636 boc?
1582 1573 1761 1655 Apud
1781 1574 2151 1638 Terentium:
2194 1574 2517 1640 discruciet

331 1678 533 1736 animi.
619 1673 785 1734 Idem
813 1673 1002 1734 Varro
1029 1674 1088 1732 in
1115 1673 1327 1734 eodem
1355 1672 1457 1732 lib.
1478 1691 1607 1733 vu.
1637 1671 1712 1732 de
1755 1671 1982 1751 Lingua
2009 1671 2218 1734 Latina
2244 1671 2322 1734 ad
2351 1672 2515 1734 Mar·-

328 1770 546 1830 ceilum
578 1771 664 1831 sic
694 1771 879 1831 dicit:
942 1770 1065 1832 Aut
1084 1771 1145 1829 in
1177 1779 1497 1830 extremum
1526 1769 1821 1829 senarium
1846 1768 2092 1830 totidem
2118 1769 2513 1849 semipedibus

329 1867 577 1948 adjectis
604 1869 710 1927 fiat
734 1868 994 1929 comicus
1022 1866 1370 1946 quadratus,
1399 1877 1467 1927 ut
1491 1866 1588 1926 hic
1612 1887 1628 1926 ε
1674 1866 1817 1928 Heri
1844 1865 2066 1946 aliquot
2086 1865 2513 1928 adolescentuli

326 1965 555 2025 coimus
583 1966 646 2023 in
676 1964 919 2026 Piraeeo.
968 1965 1285 2025 Trimetros
1316 1983 1517 2024 versus
1546 1963 1825 2026 iambioos
1854 1963 2108 2024 Terentii
2141 1973 2204 2024 et
2231 1962 2425 2026 Plauti
2450 1973 2513 2025 et

321 2071 657 2122 ceterorum
681 2063 1036 2122 comicorum
1086 2073 1148 2122 et
1190 2055 1545 2141 tragicorum
1595 2060 1682 2141 Μ.
1711 2060 1939 2121 Tullius
1983 2060 2243 2122 senarios
2280 2059 2426 2120 dicit
2449 2069 2514 2121 et

326 2159 615 2219 nominat.
696 2159 1099 2229 Quintilianus
1141 2159 1317 2219 etiam
1364 2158 1664 2220 trimetros
1697 2158 1957 2220 senarios
2005 2155 2347 2220 nominavit.
2431 2156 2510 2218 Et

325 2256 566 2316 Flavius
597 2258 790 2336 Caper
814 2258 873 2316 in
921 2256 1159 2317 Artibus
1207 2256 1330 2316 suis
1358 2256 1651 2318 trimetros
1687 2274 1891 2318 versus
1939 2254 2221 2318 iambicos
2252 2254 2508 2317 Terentii

322 2355 586 2414 senarios
616 2352 952 2433 appellavit.
1036 2353 1131 2413 De
1157 2352 1357 2435 metris
1385 2352 1643 2413 Terentii
1685 2364 1748 2414 et
1775 2352 1972 2412 Plauti
2015 2360 2077 2412 et
2104 2355 2364 2411 ceterum
2404 2368 2506 2410 co·

319 2448 604 2509 micorum
631 2461 692 2510 et
717 2450 1073 2530 tragicorum
1099 2450 1439 2510 Victorinus
1467 2451 1556 2511 sic
1581 2450 1765 2511 dicit:
1805 2450 2110 2520 Quantum
2139 2457 2241 2510 aut
2268 2446 2348 2507 ad
2376 2466 2504 2508 ver-

319 2565 450 2606 sum
479 2547 772 2606 comicum
800 2554 1050 2627 spectat,
1079 2556 1147 2605 ut
1183 2546 1487 2626 paululum
1522 2564 1856 2626 evagemur,
1885 2545 2008 2607 scio
2036 2544 2318 2624 plurimos
2346 2545 2501 2603 affir-

319 2658 499 2710 mare,
546 2641 930 2702 Terentianas
965 2643 1062 2702 vel
1108 2642 1359 2702 maxime
1409 2642 1666 2701 Fabulas
1716 2652 1965 2701 metrum
2012 2640 2090 2700 ad
2129 2639 2500 2719 disciplinam

317 2738 666 2799 Graecarum
695 2737 1126 2798 Comoediarum
1153 2757 1270 2799 non
1296 2736 1652 2809 custodisse,
1679 2737 1721 2797 i.
1746 2756 1895 2815 quas
1924 2734 2272 2806 Menander,
2303 2734 2499 2796 Phile-

316 2849 475 2908 mon,
523 2833 825 2913 Diphilus,
871 2842 933 2893 et
980 2833 1157 2894 ceteri
1210 2833 1542 2893 ediderunt.
1653 2832 1857 2892 Nostri
1912 2852 1972 2892 n.
2029 2832 2091 2891 in
2117 2829 2495 2891 modulandis

315 2929 603 3009 rhythmis
632 2949 736 2989 seu
764 2930 981 3002 metris,
1009 2929 1240 2994 Veteris
1270 2928 1592 2990 Comoedioe
1610 2929 1923 3009 scriptores
1953 2928 2119 3010 sequi
2144 2927 2494 3002 maluerunt,

310 3022 350 3083 i.
396 3025 695 3106 Eupolim,
757 3024 1084 3098 Cratinum,
1131 3024 1617 3105 Aristophanem:
1689 3026 1964 3106 prologos
2012 3028 2230 3105 itaque,
2275 3035 2336 3084 et
2378 3026 2495 3104 pri-

312 3139 539 3181 marum
589 3140 894 3184 scenarum
925 3130 1092 3182 actus
1141 3122 1412 3184 trimetris
1462 3121 2062 3203 comprehenderunt:
2106 3120 2323 3182 deinde
2362 3121 2492 3182 lon-·'

311 3218 590 3297 gissimos
618 3218 657 3278 i.
686 3226 1054 3284 tetrametros
1071 3218 1457 3278 subdiderunt
1473 3220 1575 3299 qui
1597 3218 1969 3300 appellantur
1986 3217 2263 3299 quadrati
2284 3241 2300 3281 ε
2331 3232 2494 3300 post·

307 3334 379 3374 ea
417 3316 480 3374 in
513 3314 898 3394 sequentibus
949 3315 1350 3376 variaverunt:
1390 3316 1569 3376 modo
1616 3336 1677 3376 n.
1710 3315 2021 3389 trimetros,
2066 3318 2243 3382 modo
2286 3318 2489 3379 addito

307 3410 639 3492 quadrante
675 3408 769 3469 vel
797 3409 1041 3472 semisse
1068 3424 1411 3489 posuerunt,
1452 3412 1491 3472 i.
1523 3411 1822 3492 semipede
1859 3412 2116 3492 adjecto,
2141 3414 2235 3475 vel
2260 3405 2487 3495 integ-'ro

304 3507 457 3585 pede
495 3506 693 3565 iambo
722 3506 815 3568 vel
842 3505 1193 3586 sesquipede
1217 3525 1233 3566 :
1263 3505 1392 3566 haec
1417 3527 1517 3587 per
1545 3507 1768 3570 medios
1798 3519 1988 3585 actus,
2014 3511 2171 3572 varie
2201 3531 2401 3572 rursus
2428 3512 2490 3570 in

304 3604 461 3665 exitu
488 3601 847 3662 Fabularum
874 3602 1216 3686 quadratos,
1244 3603 1448 3683 quales
1475 3604 1729 3667 diximus
1755 3607 1815 3666 in
1832 3607 2098 3670 secunda
2126 3628 2308 3672 scena
2328 3609 2488 3668 loca-

300 3710 532 3761 verunt.
605 3697 727 3759 Sed
751 3698 908 3761 idem
936 3699 1209 3779 quadrati
1254 3701 1499 3780 legitimi
1549 3722 1682 3763 cum
1713 3723 1860 3766 xvx.
1907 3703 2149 3783 syllabis
2169 3704 2346 3783 juxta
2382 3705 2483 3783 jus

298 3796 601 3876 proprium
646 3806 919 3857 constare
951 3796 1223 3872 debeant,
1271 3798 1613 3879 plerumque
1660 3801 2035 3862 inveniuntur
2064 3819 2185 3878 xx.
2229 3809 2332 3860 aut
2360 3819 2484 3859 am-

298 3893 452 3974 plius
495 3892 895 3973 syllabarum:
937 3893 1075 3958 hinc
1095 3894 1499 3955 existimantur
1525 3905 1774 3958 metrum
1800 3914 1920 3956 non
1941 3895 2222 3968 tenuisse,
2242 3917 2353 3959 nec
2377 3917 2486 3958 sua

298 3989 427 4069 lege
455 3990 885 4068 composuisse.
988 3992 1164 4061 Quod
1218 4012 1355 4056 vero
1406 3993 1482 4054 ad
1540 3991 1858 4061 clausulas,
1888 3991 1926 4052 i.
1975 3992 2306 4056 minuscula
2351 3995 2487 4055 cola

297 4087 569 4165 pertinet,
602 4096 750 4164 quot
775 4105 993 4165 genera
1022 4106 1295 4150 versuum
1323 4098 1482 4160 sunt,
1509 4087 1753 4150 totidem
1781 4089 2043 4150 membra
2068 4108 2176 4169 pro
2202 4087 2483 4152 clausulis

295 4186 428 4264 poni
458 4192 737 4263 possunt,
788 4193 848 4242 et
893 4182 1087 4246 solent
1127 4185 1188 4245 in
1232 4186 1476 4247 canticis
1521 4187 1707 4274 magis
1738 4205 1915 4272 quam
1942 4184 2216 4248 diverbiis
2251 4206 2384 4266 quse
2412 4207 2486 4247 ex
