3050 4942
1142 444 1644 511 ARGUMENTA.
2351 438 2481 505 399

306 628 311 635 ·
361 595 572 646 honoris
591 609 892 661 magumque
913 595 1184 661 dignitatis
1206 596 1549 660 habebantur,
1587 596 1811 647 officium
1837 598 2038 648 scilicet
2059 597 2311 648 habentes
2329 581 2487 663 super

362 676 504 725 ardes
522 677 761 727 curiales.
826 677 1096 727 Praeerant
1119 679 1255 727 enim
1279 679 1437 728 curiae
1475 685 1532 727 et
1567 679 1736 728 ordini
1762 686 2072 731 senatorum.
2136 681 2370 730 Quorum
2393 678 2483 728 ad-

316 810 322 812 *
361 757 754 806 ministrationis
777 763 1010 819 tempore
1034 758 1080 806 si
1099 758 1223 822 quid
1246 759 1512 822 agebatur,
1551 773 1652 807 non
1696 760 1856 808 solum
1896 760 1948 808 in
1986 759 2217 808 Romano
2253 759 2489 822 imperio,

365 849 546 886 verum
576 839 731 887 etiam
770 838 823 887 in
862 837 1071 888 Gracia
1109 852 1285 887 eorum
1315 838 1524 886 nomine
1561 837 1858 900 notabatur,
1884 839 2021 887 sicut
2057 838 2142 888 hic
2176 836 2486 888 ostenditur.

363 916 508 965 Dum
533 918 669 967 enim
701 925 990 980 agerentur
1012 917 1121 965 ludi
1155 917 1293 981 apud
1324 916 1585 980 Megalem
1625 917 1888 967 civitatem
1926 918 2145 968 Graeciae
2168 917 2489 968 inhonorem

373 997 526 1048 Jovis
550 998 833 1062 Olympici,
857 1005 1130 1063 essentque
1153 998 1292 1062 apud
1316 999 1572 1048 Romanos
1591 997 1774 1047 aediles
1808 1000 2012 1049 curules
2047 1000 2153 1062 isti,
2176 999 2397 1050 recitata
2419 1007 2499 1047 est

364 1077 556 1127 Graeca
582 1079 776 1128 Fabula
795 1078 1070 1128 Menandri
1090 1077 1230 1141 apud
1252 1078 1531 1142 Megalem.
1595 1080 1787 1142 Egere,
1812 1078 1864 1126 id
1889 1087 1988 1138 est,
2007 1077 2251 1129 fecerunt
2284 1080 2368 1128 vel
2402 1081 2491 1127 ad-

362 1157 785 1207 ministraverunt
805 1159 895 1208 hos
915 1158 1065 1209 ludos
1086 1159 1417 1223 Megalenses
1439 1160 1490 1209 in
1513 1159 1745 1222 Gracia,
1776 1158 1990 1224 quando,
2004 1159 2105 1208 ista
2125 1158 2323 1209 Fabula
2343 1155 2491 1209 (ἔνω-

362 1253 431 1290 ca
462 1239 739 1290 Menandri
780 1240 848 1289 de
886 1238 1122 1290 eunucho
1152 1240 1372 1290 recitata
1403 1247 1501 1291 est.
1580 1237 1852 1289 Ambivius
1884 1239 2081 1303 Turpio
2114 1239 2322 1289 Lucius.
2397 1239 2493 1289 At·

367 1318 525 1369 tilius.
613 1321 971 1371 Praenestinns
1024 1321 1217 1371 Graeca
1256 1321 1555 1371 Menandri.
1652 1321 1900 1384 Superius
1935 1319 2173 1384 jungend
2189 1334 2274 1369 um
2314 1326 2405 1369 est
2429 1319 2494 1367 is-

364 1398 484 1449 tud.
573 1400 767 1452 Groeca
811 1401 1120 1452 Menandrit
1170 1401 1207 1451 i.
1246 1400 1322 1450 ita
1359 1408 1444 1450 est
1484 1405 1602 1451 aeta
1645 1399 1836 1450 Graeca
1877 1400 2174 1450 Menandri.
2240 1399 2377 1450 Acta
2417 1415 2496 1449 se-

364 1481 540 1531 cunda
572 1482 648 1533 ita
683 1489 765 1533 est
792 1481 1133 1547 jungendum.
1200 1480 1440 1531 Secunda
1465 1481 1644 1531 fabula
1664 1481 1886 1533 eunuchi
1920 1481 2012 1530 illa
2043 1479 2305 1545 videlicet,
2341 1470 2493 1545 quam

364 1565 426 1614 Θ-
447 1556 474 1582 ²
507 1564 627 1621 post
649 1559 993 1610 Menandrum
1011 1561 1196 1625 Latino
1219 1575 1453 1610 sermone
1476 1561 1782 1625 composuit.
1846 1559 1988 1611 Acta
2009 1568 2092 1611 est
2128 1561 2163 1611 i.
2188 1575 2237 1611 e.
2272 1561 2497 1610 recitata

367 1643 452 1686 est
471 1638 676 1703 Marco,
691 1640 921 1705 Valerio,
958 1641 1091 1692 Galo
1114 1642 1314 1691 Fannio
1343 1641 1657 1691 consulibus.
1723 1641 1900 1705 Ipsam
1924 1655 2045 1690 vero
2069 1641 2301 1690 Latinam
2324 1640 2495 1690 Fabu-

363 1716 471 1767 lam
492 1720 775 1771 modulavit
798 1721 1018 1771 Flaccus
1041 1720 1355 1772 clanditibiis
1381 1720 1582 1770 duabus
1618 1721 1834 1770 dextris.
1900 1720 2057 1771 Quod
2078 1720 2371 1769 Menander
2391 1720 2499 1787 pri·

367 1810 510 1847 mum
535 1801 827 1863 composuit
846 1801 1093 1852 Fabulam
1117 1800 1331 1851 Andriae
1353 1801 1542 1852 Graeco
1563 1798 1818 1861 sermone,
1852 1799 2042 1850 deinde
2062 1814 2185 1850 vero
2223 1806 2284 1853 Θ·
2320 1800 2497 1857 latino,

364 1877 692 1940 jamdictum
717 1886 893 1946 est,‘et
912 1882 1050 1947 qnod
1073 1883 1182 1947 ejus
1205 1883 1456 1932 recitator
1475 1880 1636 1931 fuerit
1659 1881 1961 1945 calliopius.
2028 1878 2102 1931 At
2124 1894 2245 1929 vero
2271 1879 2501 1930 modula-

370 1964 457 2008 tor
475 1959 591 2023 ejus
609 1961 891 2011 Com‘oedioe
914 1961 1017 2012 fuit
1038 1963 1276 2025 Flaccus,
1293 1962 1514 2025 optimus
1539 1961 1753 2024 tibicen,
1773 1962 1908 2011 unde
1931 1961 2013 2011 hic
2036 1961 2229 2011 dicitur
2247 1961 2379 2010 hano
2402 1962 2503 2010 Fa·

368 2037 544 2088 balam
566 2041 857 2091 modulasse
878 2042 1074 2092 duabus
1092 2041 1293 2091 dextris
1315 2041 1457 2090 tibiis
1478 2040 1668 2093 claudi.
1733 2040 1985 2090 Claudum
2008 2047 2180 2090 autem
2199 2054 2360 2103 genus
2383 2039 2502 2090 tibi·

367 2131 515 2168 arum
537 2127 639 2184 est,
672 2122 1005 2187 inaeqnalibus
1023 2120 1208 2172 fistulis
1231 2120 1447 2184 facturn,
1482 2120 1621 2170 unde
1645 2127 1699 2170 et
1731 2120 1970 2171 claudum
2004 2127 2240 2184 vocatur,
2274 2136 2338 2172 eo
2360 2121 2499 2187 quod

368 2196 593 2250 fistulam
629 2201 819 2252 habeat
849 2202 1140 2253 breviorem
1180 2204 1232 2252 in
1267 2202 1474 2252 modum
1513 2201 1707 2252 claudi.
1794 2203 2014 2251 Dextrae
2050 2209 2223 2252 autem
2254 2202 2396 2252 tibias
2430 2201 2504 2251 di-

368 2288 577 2345 cuntur,
597 2283 839 2347 quoniam
861 2298 925 2333 ex
948 2284 1137 2334 dextro
1160 2298 1311 2334 crure
1344 2285 1483 2347 gruis
1518 2283 1835 2349 aliarumque
1869 2283 2037 2333 avium
2075 2283 2314 2333 meliores
2350 2281 2500 2331 fiunt.

368 2359 575 2410 Marco.
609 2362 819 2412 valerio.
884 2362 1021 2413 Gaio
1053 2363 1319 2413 nummio.³
1355 2362 1534 2414 fannio
1556 2363 1866 2413 consulibus.
1932 2362 2032 2412 Isti
2067 2365 2172 2414 duo
2210 2368 2334 2413 tunc
2374 2371 2501 2412 tem·

368 2440 510 2502 poris
544 2444 863 2492 consulatum
901 2443 1152 2508 gerebant
1183 2446 1385 2506 Romae,
1422 2444 1627 2508 quando
1667 2453 1728 2502 eu
1765 2442 1977 2493 Fabulae
2018 2443 2248 2493 recitatae
2288 2449 2411 2492 sunt
2448 2448 2504 2492 et

368 2527 497 2569 nota
519 2536 569 2584 p.
588 2522 667 2571 c.4
731 2523 997 2573 Comoedia
1029 2525 1132 2573 ista
1161 2526 1442 2593 Eunuchus
1467 2524 1782 2588 appellatur,
1821 2538 1884 2574 eo
1907 2523 2047 2587 quod
2083 2523 2349 2571 contineat
2370 2523 2422 2570 in
2443 2534 2502 2570 se

270 2648 278 2653 .
354 2600 606 2650 Fabulam
631 2603 870 2667 eunuchi,
894 2604 1029 2654 unde
1054 2611 1109 2654 et
1134 2605 1235 2655 sub
1251 2604 1519 2655 foeminino
1543 2618 1733 2668 genere
1758 2602 2045 2668 profertur,
2080 2609 2220 2653 teste
2239 2598 2497 2665 Donato,⁵

370 2681 611 2744 quoniam
632 2682 697 2730 ad
720 2683 1019 2733 comoediam
1046 2683 1291 2734 refertur.

305 2756 683 2822 Argumentum
724 2769 897 2812 autem
937 2765 1201 2828 sequentis
1242 2764 1455 2814 Fabulae
1484 2763 1812 2828 perbreviter
1849 2761 2123 2812 dicendum
2146 2768 2244 2824 est,
2266 2761 2503 2825 quoniam

372 2840 501 2888 satis
542 2841 593 2888 in
627 2840 740 2904 ipso
775 2850 1029 2891 contextu
1075 2843 1354 2893 videbitur.
1436 2844 1501 2892 In
1545 2844 1644 2893 hac
1689 2843 1886 2892 Fabula
1927 2842 2210 2893 introducit
2252 2841 2505 2907 quendam

365 2919 636 2983 juvenem,
655 2922 859 2970 nomine
877 2922 1190 2986 Phaedriam,
1211 2922 1371 2971 filium
1391 2922 1545 2985 senis,
1568 2923 1656 2987 qui
1678 2921 1965 2972 vocabatur
1984 2923 2204 2972 Laches.
2258 2922 2362 2971 Hic
2383 2935 2507 2985 ergo

373 2997 621 3048 Phaedria
644 3015 760 3050 cum
783 3008 982 3053 amaret
1014 3002 1634 3067 quandam-meretricem
1668 3000 2083 3067 pulcherrimam,
2113 2999 2316 3051 nomine
2348 3001 2508 3050 Thai·

376 3076 516 3141 dem,
537 3093 652 3142 quae
686 3080 957 3130 amabatur
988 3096 1020 3131 a
1055 3082 1281 3146 quodam
1300 3080 1482 3145 milite,
1502 3082 1590 3145 qni
1611 3080 1897 3131 vocabatur
1918 3081 2131 3139 Thraso,
2152 3081 2265 3145 ipsa
2289 3080 2507 3143 rogante

374 3157 507 3205 emit
527 3158 576 3206 ei
598 3159 888 3210 eunuchum
904 3162 1012 3225 jam
1031 3163 1281 3226 vetulum,
1297 3177 1390 3212 nec
1413 3177 1517 3213 non
1534 3164 1760 3226 puellam
1774 3162 2133 3226 Ethiopissam.
2185 3161 2506 3225 Factumque

374 3244 475 3294 est,
495 3244 553 3285 ut
575 3252 637 3287 eo
660 3239 771 3302 ipso
794 3241 898 3304 die,
917 3256 1016 3307 quo
1042 3242 1153 3292 haec
1177 3256 1388 3291 munera
1404 3242 1545 3291 misit
1562 3242 1807 3292 Phaedria
1818 3242 2029 3304 juvenis
2049 3242 2309 3291 meretrici
2322 3242 2507 3291 Thaidi

376 3329 476 3379 per
499 3330 707 3367 servum·
726 3333 891 3384 suum,
910 3322 1117 3370 nomine
1135 3323 1535 3384 Parmenonem,
1561 3323 1800 3373 mitteret
1827 3322 1876 3370 ei
1902 3329 1958 3371 et
1980 3321 2126 3371 miles
2147 3323 2339 3371 Thraso
2364 3323 2508 3385 puel-

374 3395 479 3445 lam
521 3400 647 3448 satis
681 3401 967 3463 pulchram,
998 3417 1113 3467 quae
1146 3402 1434 3452 vocabatur
1466 3402 1757 3465 Pamphila,
1793 3415 1888 3464 per
1929 3401 2187 3465 quendam
2224 3402 2507 3464 parasitum

375 3491 544 3540 suum,
583 3479 671 3543 qui
709 3481 996 3531 vocabatur
1026 3482 1219 3533 Gnato.
1284 3482 1424 3530 Dum
1456 3495 1581 3543 ergo
1604 3481 1779 3530 Gnato
1802 3481 2055 3543 parasitus
2078 3480 2317 3543 puellam,
2341 3495 2453 3543 quae
2479 3496 2509 3527 a

375 3556 543 3608 milite
566 3558 889 3617 mittebatur,
911 3562 1131 3612 duceret
1149 3561 1351 3624 Thaidi,
1367 3559 1498 3609 vidit
1516 3560 1656 3608 illam
1676 3559 1846 3608 minor
1861 3557 2027 3608 frater
2038 3558 2296 3608 Phaedriae
2313 3559 2400 3622 qui
2423 3573 2510 3606 vo·

376 3637 593 3687 cabatur
614 3639 834 3702 Cherea,
854 3641 975 3690 dum
999 3649 1179 3706 ageret
1201 3656 1267 3691 ex
1289 3640 1568 3691 collatione
1594 3639 1863 3703 prandium
1888 3654 2004 3688 cum
2036 3639 2147 3686 aliis
2170 3638 2512 3688 adolescenti-

370 3715 469 3765 bus
493 3717 544 3766 in
568 3721 806 3783 proximo
834 3722 967 3784 loco,
991 3723 1135 3786 cujus
1160 3736 1350 3772 nomen
1373 3727 1489 3772 erat
1510 3721 1717 3783 Pireus,
1738 3726 1987 3783 tantoque
2008 3717 2198 3767 amoris
2235 3717 2422 3767 ardore
2455 3718 2508 3766 in

379 3848 414 3892 2
449 3844 824 3910 compendium
848 3849 1109 3903 scribendi
1130 3865 1244 3915 pro,
1268 3851 1370 3901 Te·
1517 3853 1548 3896 5
1573 3848 1816 3899 Donatus
1832 3846 1990 3908 enim,
2005 3860 2295 3913 quanquam
2312 3846 2361 3897 in
2377 3846 2509 3897 Pro-

317 3920 533 3970 rentius.
565 3921 748 3971 Brutis.
1452 3927 1573 3988 logo
1599 3929 1674 3974 alt
1693 3929 1767 3989 (v,
1793 3922 1918 3972 edit.
1940 3923 2101 3973 Zeun.
2119 3937 2170 3985 p.
2185 3921 2329 3987 257.)
2345 3924 2359 3951 ‘
2378 3924 2510 3971 hauc
2603 3929 2624 3935 '

380 3999 413 4043 3
446 3996 751 4049 Tollendum
776 4004 859 4051 est
892 3998 1092 4062 signam
1115 3998 1374 4051 distincti·
1452 3998 1726 4049 masculini
1759 3998 1965 4060 generis
2002 3997 2208 4046 nomine
2244 4008 2512 4056 nuncupa·

318 4070 433 4119 ω’
456 4078 578 4132 00Βῖ
598 4073 824 4136 mil&
857 4075 1025 4123 Mffl'ssv
1047 4081 1104 4133 et
1129 4076 1371 4138 Nummio,
1452 4084 1559 4127 tam
1582 4090 1694 4126 esse
1715 4074 2009 4138 Fabulam*
2036 4080 2211 4124 tamen
2233 4072 2286 4120 in
2307 4070 2411 4121 fine
2433 4071 2513 4120 di-

320 4157 417 4207 pro
466 4159 573 4210 quo
620 4148 948 4199 :minandum
996 4156 1079 4199 est
1122 4151 1372 4200 Mummio.
1453 4153 1562 4202 cit:
1624 4155 1641 4180 ‘
1675 4151 1810 4200 Haec
1865 4148 2143 4200 Eunuchus
2196 4147 2510 4199 Terentiana

327 4220 411 4270 ld·
755 4255 759 4257 -
1453 4225 1654 4290 scripta
1676 4233 1754 4277 est
1775 4226 1921 4290 3⁹·quo
1942 4224 2171 4291 respexit
2193 4232 2374 4274 auctor
2396 4237 2528 4273 nos-³

388 4301 420 4346 4
453 4297 696 4362 Explico,
719 4313 812 4362 per
833 4299 1208 4365 compendium.
1242 4301 1320 4350 Id.
1455 4306 1554 4353 ter.
1589 4301 1665 4353 Id.
