3050 4942
516 336 647 404 218
870 385 878 402 .
1252 347 1717 399 rR‘ANclscus
1766 350 1975 399 nana

518 495 864 567 adhibitum,
894 494 953 554 in
977 483 1270 556 continuis
1291 502 1484 553 autem
1511 491 1762 572 negotiis
1784 490 2044 555 diversa.'
2079 491 2191 555 Est
2213 493 2450 574 quidem
2466 495 2565 554 ubi
2587 516 2698 554 nu-

517 594 659 654 meri
681 594 855 653 rebus
872 592 1015 652 mire
1037 589 1396 652 conveniunt
1416 610 1432 659 ;
1476 588 1717 650 causam
1733 600 1930 651 tamen
1966 591 2149 651 tantae
2167 591 2464 662 varietatis
2492 592 2703 670 opinor

514 692 672 750 hanc
701 689 936 749 unicam
964 688 1169 759 fuisse,
1214 697 1280 745 ut
1307 706 1378 746 eo
1407 686 1597 765 magis
1618 688 1797 768 po‘eta
1825 697 2222 768 spectatorum
2240 688 2464 747 animos
2494 689 2699 747 refice-
2795 717 2807 724 ·

516 797 606 850 ret
624 796 695 849 et
720 785 961 846 taedium
990 784 1247 853 levaret;
1290 804 1426 844 cum
1454 782 1599 863 ipsae
1626 784 1797 844 etiarn
1831 784 2109 844 orationis
2133 785 2371 844 virtutes
2400 782 2703 843 fastidium

515 884 769 968 pariant,
798 881 911 942 nisi
941 881 1131 961 gratia
1157 881 1454 941 varietatis
1484 880 1725 959 adjutae.
1796 880 2074 940 Gaudent
2101 880 2255 940 enirn
2287 899 2488 939 omnes
2517 880 2707 938 varie-

514 990 658 1054 tate,
706 989 787 1052 et,
834 980 988 1039 sicut
1026 977 1182 1037 oculi
1212 977 1572 1036 diversarum
1612 986 1858 1055 aspectu
1889 996 2077 1037 rerum
2106 976 2293 1055 magis
2346 975 2703 1047 detinentur,

514 1077 601 1138 ita
649 1096 818 1139 aures
867 1076 1084 1138 crebris
1130 1093 1502 1134 numerorum
1562 1083 1737 1160 atque
1786 1072 1935 1132 adeo
1965 1093 2237 1133 versuum
2282 1073 2705 1133 mutationibus

517 1174 902 1235 oblectantur.
1016 1171 1192 1240 Quod
1240 1191 1376 1231 cum
1422 1171 1607 1251 ipsius
1659 1171 2009 1238 Quintiliani
2046 1170 2333 1250 judicium
2383 1170 2478 1242 sit,
2530 1170 2708 1229 miror

514 1270 772 1331 voluisse
822 1267 1295 1348 elegantissimas
1342 1267 1602 1332 Terentii
1646 1267 1902 1327 Fabulas
1947 1267 2088 1327 solis
2128 1267 2404 1327 trimetris
2437 1268 2706 1345 astringi,

514 1387 647 1426 cum
680 1375 740 1426 et
770 1366 885 1425 alia
909 1384 1126 1444 genera
1155 1365 1272 1425 sint
1291 1365 1727 1438 venustissima,
1756 1373 1816 1424 et
1839 1363 1964 1423 sine
1991 1364 2107 1423 illis
2138 1364 2472 1442 gratissima
2497 1384 2706 1422 nurne-

519 1482 711 1522 rorum
759 1463 1010 1522 varietas
1061 1464 1250 1523 omnis
1307 1462 1427 1522 fere
1464 1462 1753 1542 periisset.
1840 1462 1997 1521 Hinc
2040 1461 2331 1539 estquod
2381 1460 2441 1518 in
2490 1460 2709 1532 sceniS,

514 1580 649 1639 quae
680 1580 753 1619 ex
782 1560 1131 1619 tetrametris
1158 1559 1304 1619 ‘solis
1333 1567 1633 1630 constant,
1665 1558 1882 1638 saepius
1912 1557 1987 1617 de
2028 1557 2141 1616 alio
2186 1577 2399 1636 genere
2435 1557 2511 1616 ad
2543 1556 2706 1616 aliud

513 1657 829 1725 transitur;
875 1656 981 1716 sed
1011 1656 1125 1716 hoc
1154 1665 1321 1715 tanto
1342 1656 1480 1715 fecit
1498 1655 1727 1734 judicio
1761 1654 2090 1727 TerentiuS,
2118 1655 2267 1714 utin
2296 1654 2437 1733 ipsis
2469 1672 2708 1732 quoque

516 1752 948 1813 narrationibus
979 1752 1055 1812 ad
1100 1752 1274 1812 aliam
1312 1772 1434 1812 rem
1472 1753 1756 1811 transitus
1785 1748 1960 1812 simul
1986 1752 2109 1823 fiat.
2188 1750 2326 1811 Vid.
2352 1752 2502 1811 Eun.
2535 1772 2615 1810 11.
2649 1754 2704 1809 2.

512 1854 613 1910 24.
644 1860 705 1911 et
735 1870 848 1911 111.
880 1853 937 1909 5.
969 1854 1067 1909 44.
1155 1850 1224 1908 In
1252 1849 1366 1909 hac
1397 1848 1650 1927 denique
1677 1867 1948 1908 versuum
1976 1847 2255 1907 varietate
2287 1846 2475 1907 Latini
2517 1846 2708 1905 secuti

515 1957 657 2007 sunt
697 1946 963 2019 Graecos,
996 1945 1191 2006 Graeci
1235 1964 1372 2006 vero
1420 1953 1728 2026 naturam,
1753 1943 1849 2017 cui
1891 1961 2121 2023 semper
2148 1953 2318 2023 grata
2346 1952 2439 2003 est
2478 1942 2706 2003 vicissi-

510 2042 684 2103 tudo,

597 2138 774 2210 Quod
823 2142 901 2200 ad
947 2141 1188 2201 alteram
1218 2142 1626 2223 quaestionem,
1671 2160 1775 2202 cur
1805 2140 2163 2202 diversorum
2188 2161 2469 2222 generum
2497 2159 2706 2201 versus

508 2238 818 2297 Terentius
836 2238 1098 2312 misceat,
1130 2250 1188 2298 et
1207 2257 1364 2299 nunc
1387 2240 1708 2309 trimetrum
1731 2239 2099 2312 tetrametri3‚
2122 2258 2278 2299 nunc
2300 2246 2705 2299 tetrametrum

516 2334 792 2393 trimetris
822 2334 1062 2407 inserat,
1091 2354 1250 2395 nunc
1299 2335 1360 2394 in
1407 2333 1657 2396 diversis
1685 2345 2152 2396 tetrametrorum
2191 2336 2504 2415 generibus
2549 2334 2708 2393 idem

512 2430 730 2499 faciat;
774 2430 889 2491 hoc
917 2451 1153 2511 quoque
1199 2432 1419 2491 factum
1459 2432 1704 2490 arbitror
1731 2433 1807 2490 ob
1836 2432 2074 2492 easdem
2101 2433 2222 2493 fere
2249 2449 2483 2502 causaS,
2534 2439 2596 2490 et
2638 2439 2706 2489 ut

513 2526 576 2585 in
642 2526 1050 2605 prolixioribus
1121 2527 1313 2587 scenis
1372 2526 1697 2588 dormitans
1751 2527 1938 2588 lector
1991 2528 2069 2588 ad
2139 2548 2307 2588 aures
2365 2527 2710 2606 arrigendas

517 2624 838 2693 excitetur;
881 2625 989 2685 sed
1040 2645 1268 2704 semper
1313 2624 1633 2686 commodis
1682 2624 1741 2682 in
1768 2624 1938 2698 lociS,
1987 2634 2045 2685 et
2071 2616 2170 2684 ubi
2216 2645 2309 2684 res
2345 2625 2475 2704 ipsa
2515 2634 2710 2683 muta·

510 2720 702 2780 tiones
751 2721 1041 2802 ejusmodi
1085 2724 1176 2782 vel
1206 2722 1456 2784 suadere
1499 2722 1594 2781 vel
1622 2722 1747 2802 pati
1791 2722 1999 2781 saltem
2029 2722 2318 2782 videatur.
2400 2721 2539 2780 Duo
2567 2740 2705 2780 vero

507 2825 750 2896 genera,
777 2819 937 2898 quod
977 2829 1151 2881 antea
1192 2822 1411 2893 monui,
1440 2830 1561 2879 tam
1609 2838 1813 2898 parum
1841 2820 1993 2880 inter
2041 2838 2106 2878 se
2136 2818 2381 2891 distant,
2408 2827 2475 2877 ut
2502 2837 2704 2877 eorum

508 2913 756 2974 mistura
809 2914 1017 2974 merito
1073 2914 1237 2974 nulla
1292 2915 1519 2975 censeri
1580 2914 1814 2989 debeat,
1863 2909 2227 2975 trochaicum
2283 2915 2417 2974 dico
2462 2924 2507 2975 t.
2537 2934 2590 2975 c.
2645 2924 2708 2973 et

509 3007 847 3067 iambicum.
899 3018 945 3068 t.
1003 3018 1158 3068 acat.
1214 3030 1348 3069 cum
1414 3010 1543 3069 sola
1583 3009 1733 3070 inter
1776 3025 1992 3072 ‘versus
2049 3002 2168 3071 eos*
2221 3010 2551 3071 differentia
2607 3010 2704 3081 sit,

506 3101 674 3181 quod
731 3102 980 3161 alterum
1037 3105 1112 3162 ab
1158 3104 1324 3163 initio
1366 3103 1530 3182 „alter
1584 3126 1705 3167 una
1754 3106 1996 3188 syllaba‘
2039 3108 2133 3168 vel
2177 3106 2476 3187 semipede
2532 3126 2707 3166 exce·

511 3198 636 3258 dat.
720 3199 915 3277 Atque
942 3199 1074 3259 haec
1110 3199 1186 3259 de
1216 3199 1531 3260 trochaicis
1580 3212 1641 3262 et
1685 3203 1953 3263 iambicis
1998 3204 2307 3282 generibus
2358 3204 2517 3264 dicta
2565 3204 2703 3262 sint.

513 3294 667 3354 Sunt
688 3314 824 3355 vero
845 3297 904 3355 in
921 3297 1215 3355 veteribus
1242 3297 1518 3376 Cornicis,
1537 3310 1752 3378 praeter
1766 3300 1919 3373 haec,
1939 3303 2209 3381 exempla
2228 3301 2501 3380 quaedam
2525 3319 2707 3379 gene-

507 3389 592 3449 ris
618 3390 796 3451 etiam
826 3393 1099 3471 paeonici,
1130 3413 1333 3455 versus
1382 3394 1612 3455 scilicet
1638 3396 1942 3457 bacchiaci
1985 3406 2045 3457 et
2070 3396 2308 3465 cretici3
2351 3415 2501 3476 quos
2543 3394 2704 3475 apud

514 3486 792 3548 Plautum
821 3507 1039 3568 magno
1069 3509 1309 3550 numero
1359 3500 1422 3551 et
1458 3492 1515 3550 in
1558 3494 1717 3553 omni
1761 3494 1879 3554 fere
1911 3494 2139 3553 Fabula
2180 3493 2464 3570 invenias,
2510 3479 2706 3551 sedin

500 3583 787 3664 Terentio
836 3595 958 3646 tam
997 3587 1171 3665 pauci
1213 3596 1371 3659 sunt,
1420 3595 1488 3646 ut
1535 3608 1612 3647 ne
1658 3589 1763 3647 uni
1810 3587 2049 3668 quidem
2096 3589 2332 3668 paginae
2386 3589 2705 3667 implendae

515 3682 853 3755 sufficiant:
898 3682 972 3744 de
1002 3684 1216 3763 quibus
1246 3681 1329 3744 ad
1369 3684 1505 3745 loca
1553 3704 1664 3746 sua
1692 3685 1836 3745 satis
1865 3685 2007 3759 dixi,
2045 3694 2114 3745 ut
2157 3685 2229 3745 iis
2273 3684 2370 3745 hic
2413 3685 2707 3745 immorari

506 3779 684 3860 plane
713 3799 1214 3859 supervacaneum
1243 3781 1339 3842 sit.

503 3865 511 3874 ἢ
592 3876 787 3955 Pergo
814 3877 991 3957 igitur
1029 3877 1106 3938 ad
1149 3878 1391 3939 alteram
1435 3878 1611 3958 hujus
1659 3878 1911 3940 instituti
1951 3889 2196 3958 partem,
2225 3898 2494 3959 eamque,
2523 3880 2704 3960 longe

493 3965 936 4048 difficillimam,
989 3974 1065 4034 de
1114 3974 1363 4036 licentiis
1402 3974 1620 4047 dicere,
1667 3975 1880 4053 quibus
1910 3985 2138 4036 veteres
2168 3976 2396 4036 Comici
2426 3977 2517 4035 usi
2545 3987 2705 4046 sunt,

513 4071 839 4148 earumque
856 4069 1066 4130 modos
1111 4082 1173 4129 et
1227 4070 1482 4131 rationes
1532 4090 1846 4152 exponere.
1930 4073 2001 4132 In
2045 4072 2258 4151 quibus
2304 4072 2705 4152 intelligendis

500 4182 646 4240 eum„
673 4164 929 4226 viderem
973 4185 1067 4226 me
1115 4185 1322 4246 parum
1366 4165 1633 4246 adjutum
1662 4188 1697 4229 a
1724 4169 1806 4230 rei
1834 4169 2096 4234 metricae'
2124 4168 2527 4249 scriptoribus,
2557 4189 2702 4248 quo-

539 4725 669 4881 h
