<?xml version="1.0" encoding="UTF-8"?>
<!DOCTYPE html PUBLIC "-//W3C//DTD XHTML 1.0 Transitional//EN"
    "http://www.w3.org/TR/xhtml1/DTD/xhtml1-transitional.dtd">
<html xmlns="http://www.w3.org/1999/xhtml" xml:lang="en" lang="en">
 <head>
  <title>
</title>
<meta http-equiv="Content-Type" content="text/html;charset=utf-8" />
  <meta name='ocr-system' content='tesseract 3.04.00' />
  <meta name='ocr-capabilities' content='ocr_page ocr_carea ocr_par ocr_line ocrx_word'/>
</head>
<body>
  <div class='ocr_page' id='page_1' title='image "./comoedisex00unkngoog_0172.png"; bbox 0 0 3050 4942; ppageno 0'>
   <div class='ocr_carea' id='block_1_1' title="bbox 521 348 1961 433">
    <p class='ocr_par' dir='ltr' id='par_1_1' title="bbox 521 348 1961 433">
     <span class='ocr_line' id='line_1_1' title="bbox 521 348 1961 433; baseline -0.002 -6"><span class='ocrx_word' id='word_1_1' title='bbox 521 358 651 428; x_wconf 77' lang='lat'><strong>162</strong></span> <span class='ocrx_word' id='word_1_2' title='bbox 1264 376 1328 423; x_wconf 80' lang='lat' dir='ltr'><strong>P.</strong></span> <span class='ocrx_word' id='word_1_3' title='bbox 1374 348 1961 433; x_wconf 67' lang='lat' dir='ltr'><strong>Aurnsrcminus</strong></span> 
     </span>
    </p>
   </div>
   <div class='ocr_carea' id='block_1_2' title="bbox 518 516 2709 989">
    <p class='ocr_par' dir='ltr' id='par_1_2' title="bbox 518 516 2709 989">
     <span class='ocr_line' id='line_1_2' title="bbox 520 516 2708 600; baseline 0.001 -19"><span class='ocrx_word' id='word_1_4' title='bbox 520 539 665 582; x_wconf 86' lang='lat' dir='ltr'><strong>rem.</strong></span> <span class='ocrx_word' id='word_1_5' title='bbox 748 520 944 590; x_wconf 83' lang='lat' dir='ltr'>Quare</span> <span class='ocrx_word' id='word_1_6' title='bbox 972 520 1136 580; x_wconf 85' lang='lat' dir='ltr'><strong>vobis</strong></span> <span class='ocrx_word' id='word_1_7' title='bbox 1164 519 1436 582; x_wconf 88' lang='lat' dir='ltr'><strong>omnibus</strong></span> <span class='ocrx_word' id='word_1_8' title='bbox 1468 519 1596 600; x_wconf 85' lang='lat' dir='ltr'><strong>ejus</strong></span> <span class='ocrx_word' id='word_1_9' title='bbox 1624 518 1877 580; x_wconf 84' lang='lat' dir='ltr'><strong>nominis</strong></span> <span class='ocrx_word' id='word_1_10' title='bbox 1908 516 2213 592; x_wconf 77' lang='lat' dir='ltr'>studiosis,</span> <span class='ocrx_word' id='word_1_11' title='bbox 2258 517 2409 580; x_wconf 85' lang='lat' dir='ltr'><strong>inter</strong></span> <span class='ocrx_word' id='word_1_12' title='bbox 2436 537 2586 600; x_wconf 87' lang='lat' dir='ltr'><strong>quos</strong></span> <span class='ocrx_word' id='word_1_13' title='bbox 2613 539 2708 583; x_wconf 89' lang='lat' dir='ltr'><strong>me</strong></span> 
     </span>
     <span class='ocr_line' id='line_1_3' title="bbox 520 615 2709 699; baseline 0 -21"><span class='ocrx_word' id='word_1_14' title='bbox 520 636 756 699; x_wconf 89' lang='lat' dir='ltr'><strong>quoque</strong></span> <span class='ocrx_word' id='word_1_15' title='bbox 783 636 925 678; x_wconf 86' lang='lat' dir='ltr'><strong>sane</strong></span> <span class='ocrx_word' id='word_1_16' title='bbox 955 636 1088 677; x_wconf 84' lang='lat' dir='ltr'><strong>esse</strong></span> <span class='ocrx_word' id='word_1_17' title='bbox 1114 635 1236 677; x_wconf 91' lang='lat' dir='ltr'><strong>non</strong></span> <span class='ocrx_word' id='word_1_18' title='bbox 1262 617 1466 691; x_wconf 90' lang='lat' dir='ltr'><strong>nolim,</strong></span> <span class='ocrx_word' id='word_1_19' title='bbox 1509 617 1822 678; x_wconf 89' lang='lat' dir='ltr'><strong>commode</strong></span> <span class='ocrx_word' id='word_1_20' title='bbox 1847 615 2237 690; x_wconf 76' lang='lat' dir='ltr'><strong>ostendimus,</strong></span> <span class='ocrx_word' id='word_1_21' title='bbox 2288 625 2467 697; x_wconf 85' lang='lat' dir='ltr'><strong>atque</strong></span> <span class='ocrx_word' id='word_1_22' title='bbox 2495 636 2709 697; x_wconf 85' lang='lat' dir='ltr'><strong>oppor-</strong></span> 
     </span>
     <span class='ocr_line' id='line_1_4' title="bbox 518 712 2709 796; baseline -0.001 -20"><span class='ocrx_word' id='word_1_23' title='bbox 518 728 683 788; x_wconf 85' lang='lat' dir='ltr'><strong>tune,</strong></span> <span class='ocrx_word' id='word_1_24' title='bbox 710 715 853 795; x_wconf 88' lang='lat' dir='ltr'><strong>quid</strong></span> <span class='ocrx_word' id='word_1_25' title='bbox 880 714 1163 796; x_wconf 89' lang='lat' dir='ltr'><strong>cujusque</strong></span> <span class='ocrx_word' id='word_1_26' title='bbox 1196 714 1405 795; x_wconf 90' lang='lat' dir='ltr'><strong>judicii</strong></span> <span class='ocrx_word' id='word_1_27' title='bbox 1444 714 1850 795; x_wconf 83' lang='lat' dir='ltr'><strong>sequeremini.</strong></span> <span class='ocrx_word' id='word_1_28' title='bbox 1935 712 2115 783; x_wconf 83' lang='lat' dir='ltr'><strong>Quod</strong></span> <span class='ocrx_word' id='word_1_29' title='bbox 2143 714 2192 773; x_wconf 84' lang='lat' dir='ltr'><strong>si</strong></span> <span class='ocrx_word' id='word_1_30' title='bbox 2220 713 2376 793; x_wconf 87' lang='lat' dir='ltr'><strong>quis,</strong></span> <span class='ocrx_word' id='word_1_31' title='bbox 2402 722 2472 773; x_wconf 86' lang='lat' dir='ltr'><strong>nt</strong></span> <span class='ocrx_word' id='word_1_32' title='bbox 2496 723 2595 775; x_wconf 85' lang='lat' dir='ltr'><strong>est</strong></span> <span class='ocrx_word' id='word_1_33' title='bbox 2619 715 2709 773; x_wconf 82' lang='lat' dir='ltr'><strong>in-</strong></span> 
     </span>
     <span class='ocr_line' id='line_1_5' title="bbox 520 809 2709 893; baseline -0.001 -21"><span class='ocrx_word' id='word_1_34' title='bbox 520 812 756 892; x_wconf 84' lang='lat' dir='ltr'><strong>genium</strong></span> <span class='ocrx_word' id='word_1_35' title='bbox 778 810 1131 893; x_wconf 88' lang='lat' dir='ltr'><strong>quibusdam</strong></span> <span class='ocrx_word' id='word_1_36' title='bbox 1151 814 1461 873; x_wconf 85' lang='lat' dir='ltr'><strong>barbarum</strong></span> <span class='ocrx_word' id='word_1_37' title='bbox 1484 832 1556 873; x_wconf 91' lang='lat' dir='ltr'><strong>ac</strong></span> <span class='ocrx_word' id='word_1_38' title='bbox 1578 814 1785 886; x_wconf 80' lang='lat' dir='ltr'><strong>ferum,</strong></span> <span class='ocrx_word' id='word_1_39' title='bbox 1807 810 2167 892; x_wconf 77' lang='lat' dir='ltr'><strong>pertinacius</strong></span> <span class='ocrx_word' id='word_1_40' title='bbox 2189 809 2455 890; x_wconf 81' lang='lat' dir='ltr'><strong>negligat</strong></span> <span class='ocrx_word' id='word_1_41' title='bbox 2479 810 2709 871; x_wconf 84' lang='lat' dir='ltr'><strong>foveat-</strong></span> 
     </span>
     <span class='ocr_line' id='line_1_6' title="bbox 518 906 2708 989; baseline 0 -22"><span class='ocrx_word' id='word_1_42' title='bbox 518 927 636 987; x_wconf 89' lang='lat' dir='ltr'><strong>que</strong></span> <span class='ocrx_word' id='word_1_43' title='bbox 661 907 958 989; x_wconf 79' lang='lat' dir='ltr'><strong>ignaviam</strong></span> <span class='ocrx_word' id='word_1_44' title='bbox 984 928 1192 978; x_wconf 87' lang='lat' dir='ltr'><strong>suam:</strong></span> <span class='ocrx_word' id='word_1_45' title='bbox 1235 919 1295 970; x_wconf 92' lang='lat' dir='ltr'><strong>te</strong></span> <span class='ocrx_word' id='word_1_46' title='bbox 1338 909 1549 971; x_wconf 84' lang='lat' dir='ltr'><strong>saltem</strong></span> <span class='ocrx_word' id='word_1_47' title='bbox 1592 910 1917 971; x_wconf 83' lang='lat' dir='ltr'><strong>habeamus</strong></span> <span class='ocrx_word' id='word_1_48' title='bbox 1966 909 2042 969; x_wconf 88' lang='lat' dir='ltr'><strong>ab</strong></span> <span class='ocrx_word' id='word_1_49' title='bbox 2085 907 2375 969; x_wconf 87' lang='lat' dir='ltr'><strong>erroribus</strong></span> <span class='ocrx_word' id='word_1_50' title='bbox 2416 906 2708 987; x_wconf 82' lang='lat' dir='ltr'><strong>ejusmodi</strong></span> 
     </span>
    </p>
   </div>
   <div class='ocr_carea' id='block_1_3' title="bbox 517 1015 915 1087">
    <p class='ocr_par' dir='ltr' id='par_1_3' title="bbox 517 1015 915 1087">
     <span class='ocr_line' id='line_1_7' title="bbox 517 1015 915 1087; baseline 0.005 -21"><span class='ocrx_word' id='word_1_51' title='bbox 517 1015 915 1087; x_wconf 80' lang='lat' dir='ltr'><strong>segregatum.</strong></span> 
     </span>
    </p>
   </div>
   <div class='ocr_carea' id='block_1_4' title="bbox 1159 1338 2056 1409">
    <p class='ocr_par' dir='ltr' id='par_1_4' title="bbox 1159 1338 2056 1409">
     <span class='ocr_line' id='line_1_8' title="bbox 1159 1338 2056 1409; baseline 0 -3"><span class='ocrx_word' id='word_1_52' title='bbox 1159 1341 1241 1409; x_wconf 91' lang='lat' dir='ltr'><strong>P.</strong></span> <span class='ocrx_word' id='word_1_53' title='bbox 1295 1338 2056 1409; x_wconf 84' lang='lat' dir='ltr'><strong>ANTESIGNANUS</strong></span> 
     </span>
    </p>
   </div>
   <div class='ocr_carea' id='block_1_5' title="bbox 692 1536 2485 1604">
    <p class='ocr_par' dir='ltr' id='par_1_5' title="bbox 692 1536 2485 1604">
     <span class='ocr_line' id='line_1_9' title="bbox 692 1536 2485 1604; baseline 0 -15"><span class='ocrx_word' id='word_1_54' title='bbox 692 1536 696 1540; x_wconf 77' lang='grc'>’</span> <span class='ocrx_word' id='word_1_55' title='bbox 737 1538 1094 1603; x_wconf 86' lang='lat' dir='ltr'><strong>ANTONIO,</strong></span> <span class='ocrx_word' id='word_1_56' title='bbox 1122 1538 1575 1604; x_wconf 80' lang='lat' dir='ltr'><strong>THEOPHILO,</strong></span> <span class='ocrx_word' id='word_1_57' title='bbox 1608 1540 1697 1591; x_wconf 84' lang='grc' dir='ltr'><strong>ΕΤ</strong></span> <span class='ocrx_word' id='word_1_58' title='bbox 1727 1539 2010 1594; x_wconf 82' lang='lat' dir='ltr'><strong>JOANNI</strong></span> <span class='ocrx_word' id='word_1_59' title='bbox 2041 1537 2304 1592; x_wconf 73' lang='lat' dir='ltr'>SARAEIS</span> <span class='ocrx_word' id='word_1_60' title='bbox 2339 1538 2394 1590; x_wconf 89' lang='lat' dir='ltr'><strong>S.</strong></span> <span class='ocrx_word' id='word_1_61' title='bbox 2417 1538 2485 1589; x_wconf 81' lang='lat' dir='ltr'><strong>D.</strong></span> 
     </span>
    </p>
   </div>
   <div class='ocr_carea' id='block_1_6' title="bbox 1094 1701 2109 1738">
    <p class='ocr_par' dir='ltr' id='par_1_6' title="bbox 1094 1701 2109 1738">
     <span class='ocr_line' id='line_1_10' title="bbox 1094 1701 2109 1738; baseline 0.002 -2"><span class='ocrx_word' id='word_1_62' title='bbox 1094 1702 1147 1736; x_wconf 58' lang='grc'><strong>-1</strong></span> <span class='ocrx_word' id='word_1_63' title='bbox 1304 1702 1339 1735; x_wconf 53' lang='lat' dir='ltr'><strong><em>G</em></strong></span> <span class='ocrx_word' id='word_1_64' title='bbox 1497 1702 1531 1735; x_wconf 60' lang='lat' dir='ltr'><strong><em>G</em></strong></span> <span class='ocrx_word' id='word_1_65' title='bbox 1691 1704 1727 1738; x_wconf 53' lang='lat' dir='ltr'>G</span> <span class='ocrx_word' id='word_1_66' title='bbox 1879 1701 1913 1735; x_wconf 58' lang='grc'>1</span> <span class='ocrx_word' id='word_1_67' title='bbox 2073 1704 2109 1738; x_wconf 53' lang='lat' dir='ltr'>G</span> 
     </span>
    </p>
   </div>
   <div class='ocr_carea' id='block_1_7' title="bbox 498 1782 2704 4275">
    <p class='ocr_par' dir='ltr' id='par_1_7' title="bbox 498 1782 2704 4275">
     <span class='ocr_line' id='line_1_11' title="bbox 514 1782 2704 1861; baseline -0 -20"><span class='ocrx_word' id='word_1_68' title='bbox 514 1785 776 1846; x_wconf 70' lang='lat' dir='ltr'><strong>Vznsus</strong></span> <span class='ocrx_word' id='word_1_69' title='bbox 833 1793 1030 1843; x_wconf 87' lang='lat' dir='ltr'><strong>autem</strong></span> <span class='ocrx_word' id='word_1_70' title='bbox 1081 1784 1177 1844; x_wconf 90' lang='lat' dir='ltr'><strong>hic</strong></span> <span class='ocrx_word' id='word_1_71' title='bbox 1230 1782 1461 1844; x_wconf 83' lang='lat' dir='ltr'><strong>iambici</strong></span> <span class='ocrx_word' id='word_1_72' title='bbox 1520 1792 1624 1844; x_wconf 91' lang='lat' dir='ltr'><strong>aut</strong></span> <span class='ocrx_word' id='word_1_73' title='bbox 1675 1782 1958 1843; x_wconf 76' lang='lat' dir='ltr'><strong>trochaici</strong></span> <span class='ocrx_word' id='word_1_74' title='bbox 2014 1792 2156 1842; x_wconf 88' lang='lat' dir='ltr'><strong>sunt</strong></span> <span class='ocrx_word' id='word_1_75' title='bbox 2208 1801 2453 1844; x_wconf 90' lang='lat' dir='ltr'><strong>omnes:</strong></span> <span class='ocrx_word' id='word_1_76' title='bbox 2524 1790 2704 1861; x_wconf 87' lang='lat' dir='ltr'><strong>atque</strong></span> 
     </span>
     <span class='ocr_line' id='line_1_12' title="bbox 512 1877 2702 1962; baseline -0.002 -21"><span class='ocrx_word' id='word_1_77' title='bbox 512 1883 742 1962; x_wconf 88' lang='lat' dir='ltr'><strong>utrique</strong></span> <span class='ocrx_word' id='word_1_78' title='bbox 781 1891 886 1942; x_wconf 87' lang='lat' dir='ltr'><strong>aut</strong></span> <span class='ocrx_word' id='word_1_79' title='bbox 930 1880 1300 1953; x_wconf 87' lang='lat' dir='ltr'><strong>monometri,</strong></span> <span class='ocrx_word' id='word_1_80' title='bbox 1344 1890 1450 1939; x_wconf 90' lang='lat' dir='ltr'><strong>aut</strong></span> <span class='ocrx_word' id='word_1_81' title='bbox 1476 1879 1729 1953; x_wconf 84' lang='lat' dir='ltr'><strong>dimetri,</strong></span> <span class='ocrx_word' id='word_1_82' title='bbox 1780 1888 1885 1941; x_wconf 89' lang='lat' dir='ltr'><strong>aut</strong></span> <span class='ocrx_word' id='word_1_83' title='bbox 1904 1877 2170 1953; x_wconf 83' lang='lat' dir='ltr'><strong>trimetri,</strong></span> <span class='ocrx_word' id='word_1_84' title='bbox 2214 1889 2321 1940; x_wconf 91' lang='lat' dir='ltr'><strong>aut</strong></span> <span class='ocrx_word' id='word_1_85' title='bbox 2344 1877 2702 1940; x_wconf 87' lang='lat' dir='ltr'><strong>tetrametri:</strong></span> 
     </span>
     <span class='ocr_line' id='line_1_13' title="bbox 513 1974 2701 2059; baseline -0.002 -21"><span class='ocrx_word' id='word_1_86' title='bbox 513 1989 574 2038; x_wconf 91' lang='lat' dir='ltr'><strong>et</strong></span> <span class='ocrx_word' id='word_1_87' title='bbox 601 1998 801 2039; x_wconf 89' lang='lat' dir='ltr'><strong>rursus</strong></span> <span class='ocrx_word' id='word_1_88' title='bbox 848 1989 952 2041; x_wconf 89' lang='lat' dir='ltr'><strong>aut</strong></span> <span class='ocrx_word' id='word_1_89' title='bbox 998 1977 1386 2052; x_wconf 86' lang='lat' dir='ltr'><strong>acatalectici,</strong></span> <span class='ocrx_word' id='word_1_90' title='bbox 1435 1987 1539 2038; x_wconf 90' lang='lat' dir='ltr'><strong>aut</strong></span> <span class='ocrx_word' id='word_1_91' title='bbox 1587 1978 1940 2052; x_wconf 84' lang='lat' dir='ltr'><strong>catalectici,</strong></span> <span class='ocrx_word' id='word_1_92' title='bbox 1980 1988 2084 2040; x_wconf 86' lang='lat' dir='ltr'><strong>aut</strong></span> <span class='ocrx_word' id='word_1_93' title='bbox 2126 1974 2701 2059; x_wconf 82' lang='lat' dir='ltr'><strong>brachycatalectici,</strong></span> 
     </span>
     <span class='ocr_line' id='line_1_14' title="bbox 513 2074 2701 2156; baseline 0 -24"><span class='ocrx_word' id='word_1_94' title='bbox 513 2084 617 2133; x_wconf 90' lang='lat' dir='ltr'><strong>aut</strong></span> <span class='ocrx_word' id='word_1_95' title='bbox 649 2074 1186 2155; x_wconf 85' lang='lat' dir='ltr'><strong>hypercatalectici.</strong></span> <span class='ocrx_word' id='word_1_96' title='bbox 1269 2075 1511 2134; x_wconf 90' lang='lat' dir='ltr'><strong>Iambici</strong></span> <span class='ocrx_word' id='word_1_97' title='bbox 1560 2077 1635 2135; x_wconf 91' lang='lat' dir='ltr'><strong>ab</strong></span> <span class='ocrx_word' id='word_1_98' title='bbox 1684 2076 1876 2136; x_wconf 89' lang='lat' dir='ltr'><strong>iambo</strong></span> <span class='ocrx_word' id='word_1_99' title='bbox 1905 2075 2079 2156; x_wconf 85' lang='lat' dir='ltr'><strong>pede,</strong></span> <span class='ocrx_word' id='word_1_100' title='bbox 2124 2084 2184 2136; x_wconf 92' lang='lat' dir='ltr'><strong>et</strong></span> <span class='ocrx_word' id='word_1_101' title='bbox 2209 2074 2489 2135; x_wconf 89' lang='lat' dir='ltr'><strong>trochaici</strong></span> <span class='ocrx_word' id='word_1_102' title='bbox 2518 2093 2555 2134; x_wconf 83' lang='lat' dir='ltr'><strong>a</strong></span> <span class='ocrx_word' id='word_1_103' title='bbox 2579 2083 2701 2133; x_wconf 88' lang='lat' dir='ltr'><strong>tro-</strong></span> 
     </span>
     <span class='ocr_line' id='line_1_15' title="bbox 511 2169 2700 2252; baseline 0.001 -23"><span class='ocrx_word' id='word_1_104' title='bbox 511 2169 678 2230; x_wconf 86' lang='lat' dir='ltr'><strong>chaeo</strong></span> <span class='ocrx_word' id='word_1_105' title='bbox 739 2191 951 2233; x_wconf 90' lang='lat' dir='ltr'><strong>nomen</strong></span> <span class='ocrx_word' id='word_1_106' title='bbox 1004 2172 1246 2232; x_wconf 88' lang='lat' dir='ltr'><strong>habent.</strong></span> <span class='ocrx_word' id='word_1_107' title='bbox 1356 2172 1596 2232; x_wconf 88' lang='lat' dir='ltr'><strong>Iambici</strong></span> <span class='ocrx_word' id='word_1_108' title='bbox 1651 2174 1828 2252; x_wconf 86' lang='lat' dir='ltr'><strong>igitur</strong></span> <span class='ocrx_word' id='word_1_109' title='bbox 1880 2184 2041 2247; x_wconf 88' lang='lat' dir='ltr'><strong>sunt,</strong></span> <span class='ocrx_word' id='word_1_110' title='bbox 2096 2173 2155 2232; x_wconf 89' lang='lat' dir='ltr'><strong>in</strong></span> <span class='ocrx_word' id='word_1_111' title='bbox 2205 2192 2452 2252; x_wconf 89' lang='lat' dir='ltr'><strong>quorum</strong></span> <span class='ocrx_word' id='word_1_112' title='bbox 2495 2171 2700 2232; x_wconf 87' lang='lat' dir='ltr'><strong>sedem</strong></span> 
     </span>
     <span class='ocr_line' id='line_1_16' title="bbox 511 2267 2696 2351; baseline 0.001 -26"><span class='ocrx_word' id='word_1_113' title='bbox 511 2267 768 2346; x_wconf 82' lang='lat' dir='ltr'><strong>aliquam</strong></span> <span class='ocrx_word' id='word_1_114' title='bbox 794 2268 1044 2341; x_wconf 74' lang='lat' dir='ltr'><strong>iambuS,</strong></span> <span class='ocrx_word' id='word_1_115' title='bbox 1072 2280 1175 2330; x_wconf 90' lang='lat' dir='ltr'><strong>aut</strong></span> <span class='ocrx_word' id='word_1_116' title='bbox 1201 2269 1262 2328; x_wconf 88' lang='lat' dir='ltr'><strong>in</strong></span> <span class='ocrx_word' id='word_1_117' title='bbox 1290 2269 1555 2329; x_wconf 89' lang='lat' dir='ltr'><strong>ultimam</strong></span> <span class='ocrx_word' id='word_1_118' title='bbox 1579 2288 1685 2349; x_wconf 89' lang='lat' dir='ltr'><strong>pro</strong></span> <span class='ocrx_word' id='word_1_119' title='bbox 1715 2270 1910 2331; x_wconf 89' lang='lat' dir='ltr'><strong>iambo</strong></span> <span class='ocrx_word' id='word_1_120' title='bbox 1936 2269 2310 2351; x_wconf 81' lang='lat' dir='ltr'><strong>pyrrhichius</strong></span> <span class='ocrx_word' id='word_1_121' title='bbox 2337 2267 2696 2348; x_wconf 84' lang='lat' dir='ltr'><strong>ingreditur:</strong></span> 
     </span>
     <span class='ocr_line' id='line_1_17' title="bbox 509 2363 2698 2447; baseline 0.001 -26"><span class='ocrx_word' id='word_1_122' title='bbox 509 2363 811 2437; x_wconf 85' lang='lat' dir='ltr'><strong>trochaici,</strong></span> <span class='ocrx_word' id='word_1_123' title='bbox 855 2366 917 2425; x_wconf 91' lang='lat' dir='ltr'><strong>in</strong></span> <span class='ocrx_word' id='word_1_124' title='bbox 946 2367 1158 2447; x_wconf 90' lang='lat' dir='ltr'><strong>quibus</strong></span> <span class='ocrx_word' id='word_1_125' title='bbox 1205 2366 1379 2426; x_wconf 87' lang='lat' dir='ltr'><strong>datur</strong></span> <span class='ocrx_word' id='word_1_126' title='bbox 1419 2365 1682 2425; x_wconf 84' lang='lat' dir='ltr'><strong>trochaeo</strong></span> <span class='ocrx_word' id='word_1_127' title='bbox 1708 2366 1900 2427; x_wconf 90' lang='lat' dir='ltr'><strong>locus.</strong></span> <span class='ocrx_word' id='word_1_128' title='bbox 1985 2365 2227 2426; x_wconf 89' lang='lat' dir='ltr'><strong>Iambici</strong></span> <span class='ocrx_word' id='word_1_129' title='bbox 2255 2366 2378 2425; x_wconf 81' lang='lat' dir='ltr'><strong>sive</strong></span> <span class='ocrx_word' id='word_1_130' title='bbox 2414 2364 2698 2425; x_wconf 88' lang='lat' dir='ltr'><strong>trochaici</strong></span> 
     </span>
     <span class='ocr_line' id='line_1_18' title="bbox 509 2461 2698 2543; baseline 0.002 -25"><span class='ocrx_word' id='word_1_131' title='bbox 509 2463 856 2521; x_wconf 88' lang='lat' dir='ltr'><strong>monometri</strong></span> <span class='ocrx_word' id='word_1_132' title='bbox 883 2471 1025 2523; x_wconf 88' lang='lat' dir='ltr'><strong>sunt</strong></span> <span class='ocrx_word' id='word_1_133' title='bbox 1065 2463 1163 2542; x_wconf 89' lang='lat' dir='ltr'><strong>qui</strong></span> <span class='ocrx_word' id='word_1_134' title='bbox 1192 2482 1313 2523; x_wconf 90' lang='lat' dir='ltr'><strong>una</strong></span> <span class='ocrx_word' id='word_1_135' title='bbox 1355 2481 1652 2536; x_wconf 87' lang='lat' dir='ltr'><strong>mensura,</strong></span> <span class='ocrx_word' id='word_1_136' title='bbox 1699 2464 1815 2524; x_wconf 91' lang='lat' dir='ltr'><strong>hoc</strong></span> <span class='ocrx_word' id='word_1_137' title='bbox 1842 2472 1954 2538; x_wconf 90' lang='lat' dir='ltr'><strong>est,</strong></span> <span class='ocrx_word' id='word_1_138' title='bbox 1999 2461 2250 2543; x_wconf 86' lang='lat' dir='ltr'><strong>pedibus</strong></span> <span class='ocrx_word' id='word_1_139' title='bbox 2296 2461 2528 2521; x_wconf 86' lang='lat' dir='ltr'><strong>duobus</strong></span> <span class='ocrx_word' id='word_1_140' title='bbox 2555 2481 2698 2522; x_wconf 90' lang='lat' dir='ltr'><strong>con-</strong></span> 
     </span>
     <span class='ocr_line' id='line_1_19' title="bbox 510 2557 2696 2642; baseline 0.002 -27"><span class='ocrx_word' id='word_1_141' title='bbox 510 2566 709 2617; x_wconf 74' lang='lat' dir='ltr'><strong>stant:</strong></span> <span class='ocrx_word' id='word_1_142' title='bbox 753 2558 980 2620; x_wconf 87' lang='lat' dir='ltr'><strong>dimetri</strong></span> <span class='ocrx_word' id='word_1_143' title='bbox 1024 2561 1125 2639; x_wconf 90' lang='lat' dir='ltr'><strong>qui</strong></span> <span class='ocrx_word' id='word_1_144' title='bbox 1153 2560 1439 2621; x_wconf 86' lang='lat' dir='ltr'><strong>mensuris</strong></span> <span class='ocrx_word' id='word_1_145' title='bbox 1470 2559 1728 2634; x_wconf 85' lang='lat' dir='ltr'><strong>duabus,</strong></span> <span class='ocrx_word' id='word_1_146' title='bbox 1757 2571 1818 2622; x_wconf 88' lang='lat' dir='ltr'><strong>et</strong></span> <span class='ocrx_word' id='word_1_147' title='bbox 1843 2560 2094 2642; x_wconf 87' lang='lat' dir='ltr'><strong>pedibus</strong></span> <span class='ocrx_word' id='word_1_148' title='bbox 2123 2567 2410 2639; x_wconf 88' lang='lat' dir='ltr'><strong>quatuor:</strong></span> <span class='ocrx_word' id='word_1_149' title='bbox 2452 2557 2696 2619; x_wconf 85' lang='lat' dir='ltr'><strong>trimetri</strong></span> 
     </span>
     <span class='ocr_line' id='line_1_20' title="bbox 507 2654 2695 2737; baseline 0.001 -25"><span class='ocrx_word' id='word_1_150' title='bbox 507 2654 608 2732; x_wconf 86' lang='lat' dir='ltr'><strong>qui</strong></span> <span class='ocrx_word' id='word_1_151' title='bbox 647 2658 932 2718; x_wconf 86' lang='lat' dir='ltr'><strong>mensuris</strong></span> <span class='ocrx_word' id='word_1_152' title='bbox 978 2658 1187 2731; x_wconf 88' lang='lat' dir='ltr'><strong>tribus,</strong></span> <span class='ocrx_word' id='word_1_153' title='bbox 1232 2676 1302 2717; x_wconf 91' lang='lat' dir='ltr'><strong>ac</strong></span> <span class='ocrx_word' id='word_1_154' title='bbox 1348 2656 1598 2737; x_wconf 89' lang='lat' dir='ltr'><strong>pedibus</strong></span> <span class='ocrx_word' id='word_1_155' title='bbox 1649 2676 1776 2730; x_wconf 81' lang='lat' dir='ltr'><strong>sex,</strong></span> <span class='ocrx_word' id='word_1_156' title='bbox 1824 2656 1982 2717; x_wconf 85' lang='lat' dir='ltr'><strong>unde</strong></span> <span class='ocrx_word' id='word_1_157' title='bbox 2020 2666 2081 2717; x_wconf 94' lang='lat' dir='ltr'><strong>et</strong></span> <span class='ocrx_word' id='word_1_158' title='bbox 2109 2655 2326 2716; x_wconf 87' lang='lat' dir='ltr'><strong>senarii</strong></span> <span class='ocrx_word' id='word_1_159' title='bbox 2352 2654 2493 2714; x_wconf 89' lang='lat' dir='ltr'><strong>dicti</strong></span> <span class='ocrx_word' id='word_1_160' title='bbox 2523 2663 2695 2716; x_wconf 89' lang='lat' dir='ltr'><strong>sunt:</strong></span> 
     </span>
     <span class='ocr_line' id='line_1_21' title="bbox 506 2749 2694 2832; baseline 0.001 -24"><span class='ocrx_word' id='word_1_161' title='bbox 506 2750 823 2810; x_wconf 85' lang='lat' dir='ltr'><strong>tetrametri</strong></span> <span class='ocrx_word' id='word_1_162' title='bbox 854 2753 976 2813; x_wconf 87' lang='lat' dir='ltr'><strong>sive</strong></span> <span class='ocrx_word' id='word_1_163' title='bbox 1003 2753 1275 2832; x_wconf 88' lang='lat' dir='ltr'><strong>quadrati</strong></span> <span class='ocrx_word' id='word_1_164' title='bbox 1304 2753 1405 2832; x_wconf 90' lang='lat' dir='ltr'><strong>qui</strong></span> <span class='ocrx_word' id='word_1_165' title='bbox 1449 2751 1742 2813; x_wconf 87' lang='lat' dir='ltr'><strong>mensuris</strong></span> <span class='ocrx_word' id='word_1_166' title='bbox 1771 2763 2042 2832; x_wconf 90' lang='lat' dir='ltr'><strong>quatuor,</strong></span> <span class='ocrx_word' id='word_1_167' title='bbox 2090 2762 2226 2813; x_wconf 91' lang='lat' dir='ltr'><strong>octo</strong></span> <span class='ocrx_word' id='word_1_168' title='bbox 2253 2769 2393 2812; x_wconf 84' lang='lat' dir='ltr'><strong>vero</strong></span> <span class='ocrx_word' id='word_1_169' title='bbox 2420 2749 2694 2831; x_wconf 85' lang='lat' dir='ltr'><strong>pedibus,</strong></span> 
     </span>
     <span class='ocr_line' id='line_1_22' title="bbox 505 2846 2694 2921; baseline 0 -17"><span class='ocrx_word' id='word_1_170' title='bbox 505 2846 665 2907; x_wconf 86' lang='lat' dir='ltr'><strong>unde</strong></span> <span class='ocrx_word' id='word_1_171' title='bbox 714 2858 776 2906; x_wconf 90' lang='lat' dir='ltr'><strong>et</strong></span> <span class='ocrx_word' id='word_1_172' title='bbox 816 2852 1098 2910; x_wconf 88' lang='lat' dir='ltr'><strong>octonarii</strong></span> <span class='ocrx_word' id='word_1_173' title='bbox 1144 2870 1181 2909; x_wconf 89' lang='lat' dir='ltr'><strong>a</strong></span> <span class='ocrx_word' id='word_1_174' title='bbox 1230 2850 1451 2909; x_wconf 84' lang='lat' dir='ltr'><strong>Latinis</strong></span> <span class='ocrx_word' id='word_1_175' title='bbox 1502 2852 1900 2910; x_wconf 88' lang='lat' dir='ltr'><strong>nominantur.</strong></span> <span class='ocrx_word' id='word_1_176' title='bbox 2009 2849 2386 2921; x_wconf 89' lang='lat' dir='ltr'><strong>Monometri,</strong></span> <span class='ocrx_word' id='word_1_177' title='bbox 2443 2847 2694 2921; x_wconf 87' lang='lat' dir='ltr'><strong>dimetri,</strong></span> 
     </span>
     <span class='ocr_line' id='line_1_23' title="bbox 505 2942 2697 3025; baseline 0.002 -26"><span class='ocrx_word' id='word_1_178' title='bbox 505 2943 770 3016; x_wconf 87' lang='lat' dir='ltr'><strong>trimetri,</strong></span> <span class='ocrx_word' id='word_1_179' title='bbox 801 2956 861 3003; x_wconf 88' lang='lat' dir='ltr'><strong>et</strong></span> <span class='ocrx_word' id='word_1_180' title='bbox 893 2947 1231 3018; x_wconf 84' lang='lat' dir='ltr'><strong>tetrametri,</strong></span> <span class='ocrx_word' id='word_1_181' title='bbox 1254 2947 1312 3004; x_wconf 88' lang='lat' dir='ltr'><strong>in</strong></span> <span class='ocrx_word' id='word_1_182' title='bbox 1344 2947 1556 3025; x_wconf 86' lang='lat' dir='ltr'><strong>quibus</strong></span> <span class='ocrx_word' id='word_1_183' title='bbox 1603 2948 1750 3006; x_wconf 88' lang='lat' dir='ltr'><strong>nihil</strong></span> <span class='ocrx_word' id='word_1_184' title='bbox 1776 2945 2061 3019; x_wconf 84' lang='lat' dir='ltr'><strong>abundat,</strong></span> <span class='ocrx_word' id='word_1_185' title='bbox 2103 2964 2296 3024; x_wconf 90' lang='lat' dir='ltr'><strong>neque</strong></span> <span class='ocrx_word' id='word_1_186' title='bbox 2327 2942 2697 3005; x_wconf 87' lang='lat' dir='ltr'><strong>desideratur</strong></span> 
     </span>
     <span class='ocr_line' id='line_1_24' title="bbox 505 3038 2696 3123; baseline 0.001 -27"><span class='ocrx_word' id='word_1_187' title='bbox 505 3038 843 3117; x_wconf 88' lang='lat' dir='ltr'><strong>quicquam,</strong></span> <span class='ocrx_word' id='word_1_188' title='bbox 891 3042 1255 3103; x_wconf 88' lang='lat' dir='ltr'><strong>acatalectici</strong></span> <span class='ocrx_word' id='word_1_189' title='bbox 1284 3053 1739 3123; x_wconf 88' lang='lat' dir='ltr'><strong>nuncupantur:</strong></span> <span class='ocrx_word' id='word_1_190' title='bbox 1803 3043 2134 3104; x_wconf 88' lang='lat' dir='ltr'><strong>catalectici</strong></span> <span class='ocrx_word' id='word_1_191' title='bbox 2181 3042 2285 3121; x_wconf 90' lang='lat' dir='ltr'><strong>qui</strong></span> <span class='ocrx_word' id='word_1_192' title='bbox 2320 3040 2554 3121; x_wconf 82' lang='lat' dir='ltr'><strong>syllaba</strong></span> <span class='ocrx_word' id='word_1_193' title='bbox 2575 3059 2696 3100; x_wconf 83' lang='lat' dir='ltr'><strong>una</strong></span> 
     </span>
     <span class='ocr_line' id='line_1_25' title="bbox 503 3134 2692 3220; baseline 0.002 -29"><span class='ocrx_word' id='word_1_194' title='bbox 503 3134 821 3206; x_wconf 75' lang='lat' dir='ltr'><strong>brevioreS,</strong></span> <span class='ocrx_word' id='word_1_195' title='bbox 868 3151 929 3196; x_wconf 89' lang='lat' dir='ltr'><strong>et</strong></span> <span class='ocrx_word' id='word_1_196' title='bbox 953 3137 1507 3218; x_wconf 87' lang='lat' dir='ltr'><strong>brachycatalectici</strong></span> <span class='ocrx_word' id='word_1_197' title='bbox 1538 3142 1640 3220; x_wconf 91' lang='lat' dir='ltr'><strong>qui</strong></span> <span class='ocrx_word' id='word_1_198' title='bbox 1669 3141 1938 3201; x_wconf 90' lang='lat' dir='ltr'><strong>duabus:</strong></span> <span class='ocrx_word' id='word_1_199' title='bbox 1997 3137 2510 3220; x_wconf 86' lang='lat' dir='ltr'><strong>hypercatalectici</strong></span> <span class='ocrx_word' id='word_1_200' title='bbox 2554 3154 2692 3196; x_wconf 85' lang='lat' dir='ltr'><strong>vero</strong></span> 
     </span>
     <span class='ocr_line' id='line_1_26' title="bbox 502 3222 2690 3312; baseline 0.002 -27"><span class='ocrx_word' id='word_1_201' title='bbox 502 3227 562 3285; x_wconf 89' lang='lat' dir='ltr'><strong>in</strong></span> <span class='ocrx_word' id='word_1_202' title='bbox 611 3230 822 3308; x_wconf 84' lang='lat' dir='ltr'><strong>quibus</strong></span> <span class='ocrx_word' id='word_1_203' title='bbox 871 3231 1094 3312; x_wconf 88' lang='lat' dir='ltr'><strong>aliquid</strong></span> <span class='ocrx_word' id='word_1_204' title='bbox 1122 3222 1454 3296; x_wconf 71' lang='lat' dir='ltr'><strong>redundat.</strong></span> <span class='ocrx_word' id='word_1_205' title='bbox 1541 3238 1630 3297; x_wconf 84' lang='lat' dir='ltr'><strong>Ex</strong></span> <span class='ocrx_word' id='word_1_206' title='bbox 1672 3238 1932 3299; x_wconf 87' lang='lat' dir='ltr'><strong>iambicis</strong></span> <span class='ocrx_word' id='word_1_207' title='bbox 1978 3238 2038 3297; x_wconf 91' lang='lat' dir='ltr'><strong>in</strong></span> <span class='ocrx_word' id='word_1_208' title='bbox 2084 3256 2196 3296; x_wconf 88' lang='lat' dir='ltr'><strong>usu</strong></span> <span class='ocrx_word' id='word_1_209' title='bbox 2243 3244 2383 3295; x_wconf 89' lang='lat' dir='ltr'><strong>sunt</strong></span> <span class='ocrx_word' id='word_1_210' title='bbox 2436 3234 2690 3293; x_wconf 86' lang='lat' dir='ltr'><strong>maximo</strong></span> 
     </span>
     <span class='ocr_line' id='line_1_27' title="bbox 503 3326 2690 3410; baseline 0.002 -26"><span class='ocrx_word' id='word_1_211' title='bbox 503 3327 662 3404; x_wconf 88' lang='lat' dir='ltr'><strong>apud</strong></span> <span class='ocrx_word' id='word_1_212' title='bbox 688 3326 1024 3388; x_wconf 87' lang='lat' dir='ltr'><strong>Terentium</strong></span> <span class='ocrx_word' id='word_1_213' title='bbox 1052 3330 1292 3390; x_wconf 88' lang='lat' dir='ltr'><strong>trimetri</strong></span> <span class='ocrx_word' id='word_1_214' title='bbox 1322 3334 1443 3393; x_wconf 79' lang='lat' dir='ltr'><strong>sive</strong></span> <span class='ocrx_word' id='word_1_215' title='bbox 1474 3330 1686 3393; x_wconf 87' lang='lat' dir='ltr'><strong>senarii</strong></span> <span class='ocrx_word' id='word_1_216' title='bbox 1715 3332 2080 3410; x_wconf 87' lang='lat' dir='ltr'><strong>acatalectici</strong></span> <span class='ocrx_word' id='word_1_217' title='bbox 2107 3342 2167 3393; x_wconf 94' lang='lat' dir='ltr'><strong>et</strong></span> <span class='ocrx_word' id='word_1_218' title='bbox 2210 3330 2528 3390; x_wconf 86' lang='lat' dir='ltr'><strong>tetrametri</strong></span> <span class='ocrx_word' id='word_1_219' title='bbox 2567 3330 2690 3389; x_wconf 87' lang='lat' dir='ltr'><strong>sive</strong></span> 
     </span>
     <span class='ocr_line' id='line_1_28' title="bbox 502 3424 2692 3489; baseline 0.001 -8"><span class='ocrx_word' id='word_1_220' title='bbox 502 3424 786 3482; x_wconf 88' lang='lat' dir='ltr'><strong>octonarii</strong></span> <span class='ocrx_word' id='word_1_221' title='bbox 814 3434 934 3484; x_wconf 89' lang='lat' dir='ltr'><strong>tum</strong></span> <span class='ocrx_word' id='word_1_222' title='bbox 968 3426 1333 3488; x_wconf 87' lang='lat' dir='ltr'><strong>acatalectici</strong></span> <span class='ocrx_word' id='word_1_223' title='bbox 1359 3438 1483 3488; x_wconf 90' lang='lat' dir='ltr'><strong>tum</strong></span> <span class='ocrx_word' id='word_1_224' title='bbox 1513 3429 1884 3489; x_wconf 84' lang='lat' dir='ltr'><strong>catalectici:</strong></span> <span class='ocrx_word' id='word_1_225' title='bbox 1927 3429 1987 3487; x_wconf 92' lang='lat' dir='ltr'><strong>in</strong></span> <span class='ocrx_word' id='word_1_226' title='bbox 2030 3427 2233 3487; x_wconf 84' lang='lat' dir='ltr'><strong>rariori</strong></span> <span class='ocrx_word' id='word_1_227' title='bbox 2282 3424 2513 3484; x_wconf 87' lang='lat' dir='ltr'><strong>dimetri</strong></span> <span class='ocrx_word' id='word_1_228' title='bbox 2554 3443 2692 3484; x_wconf 83' lang='lat' dir='ltr'><strong>aca-</strong></span> 
     </span>
     <span class='ocr_line' id='line_1_29' title="bbox 502 3518 2688 3585; baseline 0 -7"><span class='ocrx_word' id='word_1_229' title='bbox 502 3518 759 3579; x_wconf 89' lang='lat' dir='ltr'><strong>talectici</strong></span> <span class='ocrx_word' id='word_1_230' title='bbox 786 3530 848 3579; x_wconf 90' lang='lat' dir='ltr'><strong>et</strong></span> <span class='ocrx_word' id='word_1_231' title='bbox 878 3520 1118 3580; x_wconf 87' lang='lat' dir='ltr'><strong>trimetri</strong></span> <span class='ocrx_word' id='word_1_232' title='bbox 1159 3523 1509 3583; x_wconf 89' lang='lat' dir='ltr'><strong>catalectici.</strong></span> <span class='ocrx_word' id='word_1_233' title='bbox 1598 3525 1647 3583; x_wconf 95' lang='lat' dir='ltr'><strong>E</strong></span> <span class='ocrx_word' id='word_1_234' title='bbox 1698 3525 2010 3585; x_wconf 83' lang='lat' dir='ltr'><strong>trochaicis</strong></span> <span class='ocrx_word' id='word_1_235' title='bbox 2038 3522 2372 3583; x_wconf 79' lang='lat' dir='ltr'><strong>usitatiores</strong></span> <span class='ocrx_word' id='word_1_236' title='bbox 2425 3531 2565 3581; x_wconf 89' lang='lat' dir='ltr'><strong>sunt</strong></span> <span class='ocrx_word' id='word_1_237' title='bbox 2600 3530 2688 3580; x_wconf 91' lang='lat' dir='ltr'><strong>te-</strong></span> 
     </span>
     <span class='ocr_line' id='line_1_30' title="bbox 501 3616 2688 3681; baseline 0 -7"><span class='ocrx_word' id='word_1_238' title='bbox 501 3616 757 3675; x_wconf 84' lang='lat' dir='ltr'><strong>trametri</strong></span> <span class='ocrx_word' id='word_1_239' title='bbox 798 3617 1166 3677; x_wconf 89' lang='lat' dir='ltr'><strong>catalectici:</strong></span> <span class='ocrx_word' id='word_1_240' title='bbox 1224 3618 1417 3678; x_wconf 87' lang='lat' dir='ltr'><strong>minus</strong></span> <span class='ocrx_word' id='word_1_241' title='bbox 1463 3619 1666 3679; x_wconf 84' lang='lat' dir='ltr'><strong>usitati</strong></span> <span class='ocrx_word' id='word_1_242' title='bbox 1710 3619 1941 3681; x_wconf 90' lang='lat' dir='ltr'><strong>dimetri</strong></span> <span class='ocrx_word' id='word_1_243' title='bbox 1987 3616 2314 3679; x_wconf 84' lang='lat' dir='ltr'><strong>catalectici</strong></span> <span class='ocrx_word' id='word_1_244' title='bbox 2340 3624 2401 3676; x_wconf 91' lang='lat' dir='ltr'><strong>et</strong></span> <span class='ocrx_word' id='word_1_245' title='bbox 2444 3616 2688 3676; x_wconf 85' lang='lat' dir='ltr'><strong>trimetri</strong></span> 
     </span>
     <span class='ocr_line' id='line_1_31' title="bbox 498 3712 2687 3796; baseline 0.001 -26"><span class='ocrx_word' id='word_1_246' title='bbox 498 3712 636 3771; x_wconf 88' lang='lat' dir='ltr'><strong>item</strong></span> <span class='ocrx_word' id='word_1_247' title='bbox 665 3712 1016 3788; x_wconf 83' lang='lat' dir='ltr'><strong>catalectici.</strong></span> <span class='ocrx_word' id='word_1_248' title='bbox 1101 3713 1479 3794; x_wconf 88' lang='lat' dir='ltr'><strong>Reliquorum</strong></span> <span class='ocrx_word' id='word_1_249' title='bbox 1508 3735 1790 3796; x_wconf 85' lang='lat' dir='ltr'><strong>generum</strong></span> <span class='ocrx_word' id='word_1_250' title='bbox 1819 3715 2086 3796; x_wconf 89' lang='lat' dir='ltr'><strong>exempla</strong></span> <span class='ocrx_word' id='word_1_251' title='bbox 2107 3735 2229 3774; x_wconf 92' lang='lat' dir='ltr'><strong>non</strong></span> <span class='ocrx_word' id='word_1_252' title='bbox 2255 3713 2369 3772; x_wconf 88' lang='lat' dir='ltr'><strong>nisi</strong></span> <span class='ocrx_word' id='word_1_253' title='bbox 2390 3713 2687 3773; x_wconf 83' lang='lat' dir='ltr'><strong>rarissima</strong></span> 
     </span>
     <span class='ocr_line' id='line_1_32' title="bbox 500 3808 2684 3887; baseline 0 -21"><span class='ocrx_word' id='word_1_254' title='bbox 500 3808 659 3887; x_wconf 85' lang='lat' dir='ltr'><strong>apud</strong></span> <span class='ocrx_word' id='word_1_255' title='bbox 686 3809 847 3870; x_wconf 89' lang='lat' dir='ltr'><strong>hunc</strong></span> <span class='ocrx_word' id='word_1_256' title='bbox 877 3820 1172 3872; x_wconf 90' lang='lat' dir='ltr'><strong>auctorem</strong></span> <span class='ocrx_word' id='word_1_257' title='bbox 1200 3812 1593 3873; x_wconf 86' lang='lat' dir='ltr'><strong>inveniuntur.</strong></span> <span class='ocrx_word' id='word_1_258' title='bbox 1679 3812 1922 3872; x_wconf 90' lang='lat' dir='ltr'><strong>Iambici</strong></span> <span class='ocrx_word' id='word_1_259' title='bbox 1964 3811 2285 3871; x_wconf 81' lang='lat' dir='ltr'><strong>trochaeum</strong></span> <span class='ocrx_word' id='word_1_260' title='bbox 2322 3828 2440 3870; x_wconf 92' lang='lat' dir='ltr'><strong>non</strong></span> <span class='ocrx_word' id='word_1_261' title='bbox 2471 3809 2684 3880; x_wconf 79' lang='lat' dir='ltr'><strong>ferunt,</strong></span> 
     </span>
     <span class='ocr_line' id='line_1_33' title="bbox 498 3904 2681 3986; baseline 0.001 -26"><span class='ocrx_word' id='word_1_262' title='bbox 498 3919 691 3981; x_wconf 83' lang='lat' dir='ltr'><strong>neque</strong></span> <span class='ocrx_word' id='word_1_263' title='bbox 718 3905 1110 3983; x_wconf 88' lang='lat' dir='ltr'><strong>pyrrhichium</strong></span> <span class='ocrx_word' id='word_1_264' title='bbox 1158 3906 1270 3966; x_wconf 88' lang='lat' dir='ltr'><strong>nisi</strong></span> <span class='ocrx_word' id='word_1_265' title='bbox 1320 3908 1452 3966; x_wconf 90' lang='lat' dir='ltr'><strong>loco</strong></span> <span class='ocrx_word' id='word_1_266' title='bbox 1502 3906 1747 3966; x_wconf 90' lang='lat' dir='ltr'><strong>ultimo:</strong></span> <span class='ocrx_word' id='word_1_267' title='bbox 1792 3916 1855 3966; x_wconf 88' lang='lat' dir='ltr'><strong>at</strong></span> <span class='ocrx_word' id='word_1_268' title='bbox 1879 3906 2157 3967; x_wconf 87' lang='lat' dir='ltr'><strong>trochaici</strong></span> <span class='ocrx_word' id='word_1_269' title='bbox 2185 3925 2377 3986; x_wconf 90' lang='lat' dir='ltr'><strong>neque</strong></span> <span class='ocrx_word' id='word_1_270' title='bbox 2405 3904 2681 3978; x_wconf 89' lang='lat' dir='ltr'><strong>iambum,</strong></span> 
     </span>
     <span class='ocr_line' id='line_1_34' title="bbox 499 3997 2678 4083; baseline 0.002 -29"><span class='ocrx_word' id='word_1_271' title='bbox 499 4005 688 4076; x_wconf 79' lang='lat' dir='ltr'><strong>neque</strong></span> <span class='ocrx_word' id='word_1_272' title='bbox 715 3997 1126 4079; x_wconf 84' lang='lat' dir='ltr'><strong>pyrrhichium.</strong></span> <span class='ocrx_word' id='word_1_273' title='bbox 1211 4004 1480 4071; x_wconf 86' lang='lat' dir='ltr'><strong>Quatuor</strong></span> <span class='ocrx_word' id='word_1_274' title='bbox 1523 4003 1708 4082; x_wconf 89' lang='lat' dir='ltr'><strong>pedes</strong></span> <span class='ocrx_word' id='word_1_275' title='bbox 1742 4003 2279 4083; x_wconf 85' lang='lat' dir='ltr'><strong>brachysyllabum‚</strong></span> <span class='ocrx_word' id='word_1_276' title='bbox 2310 4000 2678 4082; x_wconf 81' lang='lat' dir='ltr'><strong>spondaeum,</strong></span> 
     </span>
     <span class='ocr_line' id='line_1_35' title="bbox 499 4093 2675 4179; baseline 0.002 -28"><span class='ocrx_word' id='word_1_277' title='bbox 499 4093 820 4172; x_wconf 88' lang='lat' dir='ltr'><strong>dactylum,</strong></span> <span class='ocrx_word' id='word_1_278' title='bbox 866 4108 926 4156; x_wconf 90' lang='lat' dir='ltr'><strong>et</strong></span> <span class='ocrx_word' id='word_1_279' title='bbox 976 4110 1341 4177; x_wconf 81' lang='lat' dir='ltr'><strong>anapaestum</strong></span> <span class='ocrx_word' id='word_1_280' title='bbox 1370 4108 1488 4158; x_wconf 89' lang='lat' dir='ltr'><strong>tam</strong></span> <span class='ocrx_word' id='word_1_281' title='bbox 1514 4099 1746 4158; x_wconf 88' lang='lat' dir='ltr'><strong>iambici</strong></span> <span class='ocrx_word' id='word_1_282' title='bbox 1777 4119 1954 4179; x_wconf 89' lang='lat' dir='ltr'><strong>quam</strong></span> <span class='ocrx_word' id='word_1_283' title='bbox 1986 4099 2264 4159; x_wconf 90' lang='lat' dir='ltr'><strong>trochaici</strong></span> <span class='ocrx_word' id='word_1_284' title='bbox 2302 4099 2508 4177; x_wconf 86' lang='lat' dir='ltr'><strong>quavis</strong></span> <span class='ocrx_word' id='word_1_285' title='bbox 2537 4096 2675 4157; x_wconf 87' lang='lat' dir='ltr'><strong>sede</strong></span> 
     </span>
     <span class='ocr_line' id='line_1_36' title="bbox 498 4189 2675 4275; baseline 0.002 -29"><span class='ocrx_word' id='word_1_286' title='bbox 498 4189 1205 4275; x_wconf 83' lang='lat' dir='ltr'><strong>recipiunt,praeterquam</strong></span> <span class='ocrx_word' id='word_1_287' title='bbox 1223 4194 1487 4253; x_wconf 89' lang='lat' dir='ltr'><strong>ultimam</strong></span> <span class='ocrx_word' id='word_1_288' title='bbox 1507 4194 1557 4254; x_wconf 87' lang='lat' dir='ltr'><strong>si</strong></span> <span class='ocrx_word' id='word_1_289' title='bbox 1578 4195 1962 4268; x_wconf 84' lang='lat' dir='ltr'><strong>acatalectici,</strong></span> <span class='ocrx_word' id='word_1_290' title='bbox 1978 4206 2037 4254; x_wconf 88' lang='lat' dir='ltr'><strong>et</strong></span> <span class='ocrx_word' id='word_1_291' title='bbox 2054 4195 2433 4273; x_wconf 89' lang='lat' dir='ltr'><strong>penultimam</strong></span> <span class='ocrx_word' id='word_1_292' title='bbox 2452 4194 2501 4252; x_wconf 89' lang='lat' dir='ltr'><strong>si</strong></span> <span class='ocrx_word' id='word_1_293' title='bbox 2517 4202 2675 4254; x_wconf 82' lang='lat' dir='ltr'><strong>cata·</strong></span> 
     </span>
    </p>
   </div>
  </div>
 </body>
</html>
