3050 4942
534 337 625 405 96
995 354 1360 406 nar-unus
1408 358 1702 407 nniusn
1755 359 2282 413 mssmuwrio.

537 516 668 557 sum
695 506 808 568 est,
837 516 1068 559 omnem
1096 519 1293 560 veram
1325 501 1713 563 eruditionem
1741 524 1815 563 ex
1843 505 1958 566 hoc
1988 526 2109 566 nno
2136 506 2299 567 fonte
2327 506 2733 587 limpidissimo

532 592 869 673 petendam.
951 596 1246 656 Charinus
1292 607 1489 657 autem
1541 599 1738 658 Plauti
1786 599 1862 660 ad
1913 602 2309 681 frigiditatem
2337 623 2528 682 usque
2559 606 2734 678 calet,

533 709 711 767 quam
739 710 859 750 non
887 693 1080 772 potuit
1106 693 1310 754 vitare.
1393 696 1611 765 Qualia
1656 708 1797 757 sunt
1834 698 1972 771 ista,
2022 701 2215 761 Scena
2256 707 2272 735 ‘
2305 701 2524 761 Divum
2552 713 2732 781 atque

530 785 836 850 hominum
854 788 895 847 :'
1283 782 1293 791 ’

1090 883 1226 946 Jam
1252 887 1513 968 Cyprum
1542 887 1698 964 veni,
1725 893 1837 950 διο.

527 979 697 1055 Item,
859 1045 868 1055 ‚

684 1075 867 1139 Porro
895 1080 1233 1158 proficiscor
1260 1082 1596 1163 quaesitum.
1681 1083 1857 1143 Nunc
1885 1084 2122 1163 perveni
2153 1084 2519 1146 Chalcidem.

684 1174 876 1235 Video
905 1176 985 1235 ibi
1005 1177 1295 1257 hospitem
1325 1180 1648 1258 Zacyntho.
1733 1182 1885 1241 Dico
1913 1181 2058 1260 quid
2084 1202 2155 1243 eo
2184 1181 2518 1243 advenerim
2545 1203 2560 1242 ε

685 1270 905 1351 Rogito
934 1274 1066 1352 quis
1089 1294 1220 1334 eam
1247 1278 1490 1351 vexerit,
1518 1279 1650 1357 quis
1679 1278 1897 1339 habeat
1927 1278 1976 1337 si
2003 1279 2082 1338 ibi
2109 1279 2477 1339 inaudiverit.

682 1368 920 1449 Hospes
948 1372 1271 1451 respondit,
1301 1373 1602 1454 Zacyntho
1631 1375 1779 1434 ficus
1806 1374 1931 1433 fieri
1956 1393 2078 1434 non
2105 1374 2316 1435 malas.

519 1479 703 1542 Vides
730 1481 1027 1543 hominem
1057 1492 1179 1543 tam
1204 1484 1453 1557 tristem,
1489 1495 1561 1544 ut
1585 1485 1831 1546 festivus
1861 1504 1994 1546 esse
2022 1494 2270 1566 quaerat.
2355 1485 2439 1545 At
2481 1484 2720 1547 divinus

515 1576 631 1637 hac
657 1579 717 1636 in
745 1588 933 1658 parte,
979 1579 1131 1639 duos
1160 1592 1452 1641 amatores
1479 1580 1542 1639 in
1572 1581 1884 1656 Eunucho,
1931 1602 2039 1642 suo
2067 1601 2253 1655 more,
2290 1580 2628 1642 Phaedriam
2656 1593 2718 1643 et

519 1673 849 1747 Chaeream,
878 1674 1158 1736 divinitus
1190 1689 1520 1759 utrumque,
1549 1683 1826 1750 ἠθοποιεῖ.
1882 1678 2080 1746 Quare
2104 1698 2240 1739 cum
2261 1678 2464 1738 Poetae
2486 1697 2713 1764 omnes,

440 1819 446 1824 .
513 1789 762 1851 quorum
779 1772 1104 1833 imitatione
1122 1784 1360 1835 constat
1375 1765 1710 1835 in'stitutum
1737 1795 1807 1836 ac
1834 1776 2169 1848 consilium,
2189 1776 2479 1854 pictorum
2506 1775 2713 1847 instar,

514 1877 666 1928 teste
694 1868 1042 1929 Criticorum
1073 1870 1240 1949 Rege
1271 1890 1341 1932 ac
1372 1870 1668 1950 Principe,
1697 1881 1800 1931 aut
1829 1870 2071 1942 similes,
2093 1879 2197 1929 aut
2223 1869 2410 1948 (quod
2431 1889 2551 1930 non
2580 1891 2712 1932 raro

509 1965 726 2037 evenit,
752 1965 847 2026 vel
873 1965 1135 2044 imperite
1159 1971 1250 2026 καὶ
1287 1971 1345 2041 ἐξ
1368 1972 1686 2040 ἀσθενείας,
1715 1967 1809 2027 vel
1830 1966 2109 2047 captandi
2136 1966 2288 2026 risus
2314 1969 2522 2043 causa)
2549 1988 2709 2030 nunc

508 2062 741 2143 pejores
759 2081 937 2142 quam
956 2072 1095 2122 sunt
1110 2065 1460 2142 exprimant,
1474 2084 1633 2126 nuuc
1649 2064 1918 2125 meliores
1936 2084 1952 2132 ;
1976 2082 2175 2125 servos
2189 2062 2419 2143 pejores
2436 2063 2709 2138 Plautus,

509 2170 578 2218 ut
593 2158 905 2238 plurimum
921 2177 937 2224 ;
957 2158 1267 2218 Terentius
1282 2159 1393 2219 hos
1415 2179 1647 2240 semper
1659 2160 1897 2234 similes,
1914 2180 2034 2221 uon
2049 2160 2316 2221 meliores
2330 2177 2348 2230 ς
2370 2161 2704 2222 meretrices

506 2274 648 2315 vero
681 2254 894 2334 partim
924 2253 1146 2315 similes
1173 2257 1386 2335 partim
1412 2255 1685 2315 meliores
1715 2255 2032 2333 aliquando
2061 2255 2415 2318 introducit:
2465 2257 2705 2330 similes,

507 2365 576 2413 ut
594 2353 917 2413 Thaidem:
964 2354 1262 2426 meliores,
1285 2365 1352 2411 ut
1380 2350 1755 2411 Bacchidem.
1799 2351 2101 2412 Parasitos
2124 2371 2354 2432 semper
2384 2353 2702 2414 deteriores

505 2459 569 2509 et
593 2452 922 2512 voraciores
962 2451 1234 2524 PlautuS,
1273 2467 1577 2528 nunquam
1604 2448 1897 2509 meliores.
1983 2449 2064 2508 Ut
2090 2457 2152 2507 et
2196 2449 2573 2520 Dossennus,
2601 2452 2704 2528 qui

503 2546 614 2607 hos
639 2547 799 2607 solos
820 2548 1243 2629 propemodum
1261 2549 1527 2618 curabat,
1547 2547 1605 2606 in
1628 2546 1897 2627 personis
1919 2546 2160 2624 reliquis
2183 2548 2487 2606 ἐκπίπτων.
2513 2544 2703 2606 Phor·

499 2645 618 2704 mio
665 2645 1056 2706 Terentianus
1097 2644 1272 2725 plane
1298 2652 1393 2704 est
1419 2641 1844 2702 admirandus:
1890 2653 1959 2700 ut
1984 2650 2046 2700 et
2071 2640 2334 2701 Gnatho.
2419 2640 2705 2715 Plautini,

495 2741 643 2820 quia
668 2741 849 2802 risum
873 2750 1171 2822 quaerunt,
1199 2740 1501 2800 veritatem
1527 2750 1592 2797 et
1640 2756 1909 2798 sermone
1958 2746 2019 2796 et
2059 2738 2368 2797 sententiis
2399 2737 2698 2797 amittunt.

498 2837 643 2898 Tres
691 2839 936 2899 virtutes
973 2837 1130 2898 enim
1178 2855 1390 2908 sermo,
1440 2853 1617 2913 quem
1645 2852 1765 2893 non
1794 2831 1920 2892 sine
1949 2852 2132 2892 causa
2159 2833 2392 2894 Ἠθικόν
2420 2832 2700 2895 dixerunt
2803 2839 2809 2848 '

500 2932 717 3006 Graeci,
746 2954 856 2994 nos
905 2934 1204 2993 Moratum
1252 2931 1526 3002 dicimus,
1575 2928 1954 3006 AEquitatem,
1984 2947 2217 3007 nempe,
2259 2928 2603 3002 Veritatem,
2633 2940 2697 2992 et

498 3027 969 3106 Simplicitatem,
990 3026 1295 3106 postulat:
1345 3045 1482 3103 quae
1516 3024 1580 3083 τὸ
1608 3023 1950 3096 ἐνδιάθετον,
1997 3023 2113 3083 hoc
2140 3033 2253 3097 est,
2280 3023 2341 3082 id
2370 3023 2530 3102 quod
2561 3026 2694 3083 uni-

491 3123 706 3201 cuique
729 3132 825 3183 est
848 3123 1109 3196 insitum,
1137 3124 1215 3182 ob
1243 3121 1449 3181 oculos
1477 3121 1772 3201 proponit.
1831 3121 1986 3181 Cum
2013 3120 2343 3194 ridiculum,
2370 3133 2438 3179 ut
2462 3120 2691 3180 violen-

493 3229 642 3293 tum,
670 3220 811 3298 quia
837 3240 875 3279 a
901 3230 1115 3280 natura
1152 3218 1429 3288 alienum,
1472 3216 1636 3296 quod
1665 3227 1821 3277 recte
1850 3216 1925 3277 de
1953 3235 2025 3277 eo
2046 3216 2394 3277 Aristoteles
2423 3237 2688 3297 pronun-

489 3314 622 3386 tiat,
650 3325 988 3395 corruptum
1015 3315 1111 3386 sit,
1139 3324 1199 3374 et
1230 3334 1267 3373 a
1288 3313 1578 3393 corruptis
1605 3312 1825 3384 causis,
1869 3312 2030 3391 quod
2060 3311 2186 3392 jam
2209 3311 2332 3371 dixi
2359 3323 2686 3374 moveatur.

492 3410 814 3485 Moratum,
842 3411 982 3490 quia
1007 3411 1197 3470 simile
1241 3421 1334 3469 est
1360 3418 1607 3481 naturae,
1652 3408 1861 3468 leniter
1888 3407 2184 3468 delectat:
2245 3408 2408 3489 quod
2436 3419 2683 3469 aetatum

488 3487 877 3586 singularum,
921 3507 1245 3578 hominum,
1295 3524 1366 3564 ac
1393 3503 1720 3577 nationum,
1764 3504 2064 3584 totiusque
2101 3505 2259 3578 vitae,
2303 3506 2682 3567 simulacrum

489 3604 789 3684 quoddam
820 3624 890 3665 ac
937 3604 1271 3683 imaginem,
1311 3602 1377 3661 in
1427 3620 1610 3660 scena
1657 3612 2060 3680 repraesentat.
2145 3601 2330 3663 Plane
2358 3613 2427 3662 ut
2452 3604 2683 3682 pictura

488 3720 624 3780 quse
653 3722 691 3762 a
718 3721 855 3763 vero
882 3702 1025 3773 abit,
1052 3711 1116 3761 et
1158 3701 1253 3760 vel
1282 3698 1598 3759 cubitalem
1648 3716 1881 3769 nasum,
1909 3697 2001 3758 vel
2030 3696 2341 3759 distortum
2370 3718 2439 3759 os
2485 3700 2678 3760 facete

484 3807 892 3877 repraesentat,
925 3799 1113 3858 risum
1140 3807 1369 3857 movet:
1420 3795 1627 3855 similis
1667 3794 1945 3855 delectat.
2026 3794 2221 3874 Atque
2249 3795 2364 3855 hoc
2390 3806 2484 3855 est
2512 3796 2676 3875 quod

486 3911 692 3954 omnes
736 3895 1000 3955 tribuunt
1027 3894 1377 3963 Menandr0‚
1429 3912 1606 3972 quem
1660 3892 1968 3951 Terentius
2015 3891 2323 3972 expressit.
2409 3891 2493 3951 Ut
2523 3893 2677 3953 Her-

483 4005 801 4069 mogenes:
842 3989 1017 4071 Παρᾶ
1042 4017 1105 4052 re
1130 3995 1282 4073 αὐτῷ’
1312 3987 1626 4068 Μενάνδρῳ
1653 3990 1729 4048 ἂν
1771 3995 1945 4067 μυρία
1973 3990 2147 4065 εὕροις
2172 3996 2403 4050 τοιαῦτα
2431 3994 2523 4049 καὶ
2573 4014 2674 4066 γν-

488 4094 679 4146 ναῖκαε
704 4087 1004 4163 leychens,
1035 4092 1126 4148 καὶ
1154 4093 1481 4148 νεανίσκους
1499 4088 1759 4165 ἐρῶντας,
1789 4088 1878 4158 καὶ
1908 4089 2231 4165 μαγείρους,
2258 4089 2347 4145 καὶ
2368 4090 2675 4164 παρθένους

483 4185 878 4262 Opus-ropertus,
927 4191 1021 4245 καί
1069 4207 1220 4245 τινας
1245 4187 1470 4244 ἄλλους·
1519 4182 1660 4243 ὅλως
1687 4206 1747 4243 re
1776 4179 1872 4242 διὰ
1911 4182 1974 4242 τὸ
2013 4183 2346 4245 ὑποπίπτειν
2380 4188 2456 4263 τῷ
2502 4186 2673 4278 ἢθη-ἧ

340 4717 700 4874 ιζ
