<?xml version="1.0" encoding="UTF-8"?>
<!DOCTYPE html PUBLIC "-//W3C//DTD XHTML 1.0 Transitional//EN"
    "http://www.w3.org/TR/xhtml1/DTD/xhtml1-transitional.dtd">
<html xmlns="http://www.w3.org/1999/xhtml" xml:lang="en" lang="en">
 <head>
  <title>
</title>
<meta http-equiv="Content-Type" content="text/html;charset=utf-8" />
  <meta name='ocr-system' content='tesseract 3.04.00' />
  <meta name='ocr-capabilities' content='ocr_page ocr_carea ocr_par ocr_line ocrx_word'/>
</head>
<body>
  <div class='ocr_page' id='page_1' title='image "./comoedisex00unkngoog_0513.png"; bbox 0 0 3050 4942; ppageno 0'>
   <div class='ocr_carea' id='block_1_1' title="bbox 999 387 2568 454">
    <p class='ocr_par' dir='ltr' id='par_1_1' title="bbox 999 387 2568 454">
     <span class='ocr_line' id='line_1_1' title="bbox 999 387 2568 454; baseline 0.006 -11"><span class='ocrx_word' id='word_1_1' title='bbox 999 395 1363 446; x_wconf 56' lang='lat' dir='ltr'><strong>sunnone</strong></span> <span class='ocrx_word' id='word_1_2' title='bbox 1392 399 1566 446; x_wconf 73' lang='lat' dir='ltr'><strong>Ac&#39;r.</strong></span> <span class='ocrx_word' id='word_1_3' title='bbox 1600 398 1671 444; x_wconf 81' lang='lat' dir='ltr'><strong>v.</strong></span> <span class='ocrx_word' id='word_1_4' title='bbox 1718 397 1824 446; x_wconf 68' lang='lat' dir='ltr'><strong>so.</strong></span> <span class='ocrx_word' id='word_1_5' title='bbox 1859 399 1949 452; x_wconf 52' lang='grc' dir='ltr'><strong>ι..</strong></span> <span class='ocrx_word' id='word_1_6' title='bbox 2438 387 2568 454; x_wconf 79' lang='lat'><strong>503</strong></span> 
     </span>
    </p>
   </div>
   <div class='ocr_carea' id='block_1_2' title="bbox 378 515 2565 846">
    <p class='ocr_par' dir='ltr' id='par_1_2' title="bbox 378 515 2565 846">
     <span class='ocr_line' id='line_1_2' title="bbox 378 515 2565 632; baseline 0.002 -27"><span class='ocrx_word' id='word_1_7' title='bbox 378 539 519 605; x_wconf 69' lang='lat' dir='ltr'><strong>Tii‘.</strong></span> <span class='ocrx_word' id='word_1_8' title='bbox 575 536 758 619; x_wconf 83' lang='lat' dir='ltr'>Quid</span> <span class='ocrx_word' id='word_1_9' title='bbox 790 539 908 609; x_wconf 90' lang='lat' dir='ltr'><strong>illo</strong></span> <span class='ocrx_word' id='word_1_10' title='bbox 938 538 1281 618; x_wconf 73' lang='lat' dir='ltr'><strong>faciemn5‚</strong></span> <span class='ocrx_word' id='word_1_11' title='bbox 1310 540 1511 605; x_wconf 84' lang='lat' dir='ltr'><strong>stulta</strong></span> <span class='ocrx_word' id='word_1_12' title='bbox 1533 542 1563 603; x_wconf 71' lang='grc' dir='ltr'><strong>’ἒ</strong></span> <span class='ocrx_word' id='word_1_13' title='bbox 1645 539 1794 606; x_wconf 82' lang='grc' dir='ltr'><strong>ΡΥ.</strong></span> <span class='ocrx_word' id='word_1_14' title='bbox 1849 540 2030 632; x_wconf 83' lang='lat' dir='ltr'><strong>Quid</strong></span> <span class='ocrx_word' id='word_1_15' title='bbox 2059 515 2295 621; x_wconf 75' lang='lat' dir='ltr'><strong>facias,</strong></span> <span class='ocrx_word' id='word_1_16' title='bbox 2325 547 2565 628; x_wconf 67' lang='lat' dir='ltr'><strong>rogas?</strong></span> 
     </span>
     <span class='ocr_line' id='line_1_3' title="bbox 378 642 2187 727; baseline -0.001 -16"><span class='ocrx_word' id='word_1_17' title='bbox 378 644 556 711; x_wconf 90' lang='lat' dir='ltr'><strong>Vide</strong></span> <span class='ocrx_word' id='word_1_18' title='bbox 589 645 862 709; x_wconf 85' lang='lat' dir='ltr'><strong>amabo!</strong></span> <span class='ocrx_word' id='word_1_19' title='bbox 920 643 980 707; x_wconf 84' lang='lat' dir='ltr'><strong>si</strong></span> <span class='ocrx_word' id='word_1_20' title='bbox 1008 662 1165 720; x_wconf 91' lang='lat' dir='ltr'><strong>non,</strong></span> <span class='ocrx_word' id='word_1_21' title='bbox 1195 663 1344 708; x_wconf 86' lang='lat' dir='ltr'><strong>oum</strong></span> <span class='ocrx_word' id='word_1_22' title='bbox 1373 642 1699 726; x_wconf 63' lang='lat' dir='ltr'><strong>aspicias»,</strong></span> <span class='ocrx_word' id='word_1_23' title='bbox 1730 663 1808 707; x_wconf 90' lang='lat' dir='ltr'><strong>os</strong></span> <span class='ocrx_word' id='word_1_24' title='bbox 1836 644 2187 727; x_wconf 86' lang='lat' dir='ltr'><strong>impudens</strong></span> 
     </span>
     <span class='ocr_line' id='line_1_4' title="bbox 378 743 2564 846; baseline 0.001 -34"><span class='ocrx_word' id='word_1_25' title='bbox 378 747 686 813; x_wconf 87' lang='lat' dir='ltr'><strong>Videtur.</strong></span> <span class='ocrx_word' id='word_1_26' title='bbox 742 743 884 809; x_wconf 82' lang='grc' dir='ltr'><strong>ΤΗ.</strong></span> <span class='ocrx_word' id='word_1_27' title='bbox 920 744 1078 810; x_wconf 90' lang='lat' dir='ltr'><strong>Non</strong></span> <span class='ocrx_word' id='word_1_28' title='bbox 1108 749 1228 810; x_wconf 87' lang='lat' dir='ltr'><strong>est.</strong></span> <span class='ocrx_word' id='word_1_29' title='bbox 1282 745 1419 811; x_wconf 79' lang='grc' dir='ltr'><strong>ΡΥ.</strong></span> <span class='ocrx_word' id='word_1_30' title='bbox 1448 743 1625 846; x_wconf 82' lang='lat' dir='ltr'><strong>Tum</strong></span> <span class='ocrx_word' id='word_1_31' title='bbox 1656 766 1812 829; x_wconf 80' lang='lat' dir='ltr'><strong>quae</strong></span> <span class='ocrx_word' id='word_1_32' title='bbox 1839 745 1987 846; x_wconf 73' lang='lat' dir='ltr'><strong>ejtls</strong></span> <span class='ocrx_word' id='word_1_33' title='bbox 2010 747 2419 815; x_wconf 84' lang='lat' dir='ltr'><strong>confidentia</strong></span> <span class='ocrx_word' id='word_1_34' title='bbox 2445 749 2564 815; x_wconf 71' lang='lat' dir='ltr'><strong>&#39;sti</strong></span> 
     </span>
    </p>
   </div>
   <div class='ocr_carea' id='block_1_3' title="bbox 374 937 2570 1190">
    <p class='ocr_par' dir='ltr' id='par_1_3' title="bbox 374 937 2570 1190">
     <span class='ocr_line' id='line_1_5' title="bbox 375 937 2570 1014; baseline 0 -21"><span class='ocrx_word' id='word_1_35' title='bbox 375 941 541 993; x_wconf 76' lang='lat' dir='ltr'><strong>tivum.</strong></span> <span class='ocrx_word' id='word_1_36' title='bbox 605 945 709 997; x_wconf 75' lang='lat' dir='ltr'><strong>Tu.</strong></span> <span class='ocrx_word' id='word_1_37' title='bbox 746 945 1218 1009; x_wconf 68' lang='lat' dir='ltr'><strong>Quidillifacioems</strong></span> <span class='ocrx_word' id='word_1_38' title='bbox 1236 946 1576 1009; x_wconf 57' lang='lat' dir='ltr'><strong>emenso,</strong></span> <span class='ocrx_word' id='word_1_39' title='bbox 1597 945 1795 1014; x_wconf 56' lang='lat' dir='ltr'><strong>ineps?</strong></span> <span class='ocrx_word' id='word_1_40' title='bbox 1842 948 1949 997; x_wconf 66' lang='lat' dir='ltr'><strong>Px.</strong></span> <span class='ocrx_word' id='word_1_41' title='bbox 1984 937 2360 1010; x_wconf 56' lang='lat' dir='ltr'><strong>Quen-ussewi&amp;</strong></span> <span class='ocrx_word' id='word_1_42' title='bbox 2377 946 2570 1006; x_wconf 67' lang='lat' dir='ltr'><strong>facias?</strong></span> 
     </span>
     <span class='ocr_line' id='line_1_6' title="bbox 387 1009 2567 1075; baseline 0.002 -20"><span class='ocrx_word' id='word_1_43' title='bbox 387 1009 519 1071; x_wconf 83' lang='lat' dir='ltr'><strong>Vide,</strong></span> <span class='ocrx_word' id='word_1_44' title='bbox 548 1024 721 1073; x_wconf 80' lang='lat' dir='ltr'><strong>quaeso,</strong></span> <span class='ocrx_word' id='word_1_45' title='bbox 767 1011 813 1060; x_wconf 80' lang='lat' dir='ltr'><strong>si</strong></span> <span class='ocrx_word' id='word_1_46' title='bbox 855 1027 948 1060; x_wconf 74' lang='lat' dir='ltr'><strong>non</strong></span> <span class='ocrx_word' id='word_1_47' title='bbox 991 1016 1063 1061; x_wconf 83' lang='lat' dir='ltr'><strong>est</strong></span> <span class='ocrx_word' id='word_1_48' title='bbox 1104 1011 1358 1075; x_wconf 70' lang='lat' dir='ltr'><strong>insigniter</strong></span> <span class='ocrx_word' id='word_1_49' title='bbox 1399 1011 1642 1074; x_wconf 80' lang='lat' dir='ltr'><strong>impudens</strong></span> <span class='ocrx_word' id='word_1_50' title='bbox 1656 1032 1678 1074; x_wconf 88' lang='lat'><strong>,·</strong></span> <span class='ocrx_word' id='word_1_51' title='bbox 1741 1029 1802 1063; x_wconf 81' lang='lat' dir='ltr'><strong>ex</strong></span> <span class='ocrx_word' id='word_1_52' title='bbox 1843 1018 2030 1075; x_wconf 78' lang='lat' dir='ltr'><strong>aspectu</strong></span> <span class='ocrx_word' id='word_1_53' title='bbox 2068 1028 2179 1061; x_wconf 81' lang='lat' dir='ltr'><strong>sane</strong></span> <span class='ocrx_word' id='word_1_54' title='bbox 2220 1012 2407 1060; x_wconf 75' lang='lat' dir='ltr'><strong>videtur</strong></span> <span class='ocrx_word' id='word_1_55' title='bbox 2453 1027 2567 1061; x_wconf 82' lang='lat' dir='ltr'><strong>esse.</strong></span> 
     </span>
     <span class='ocr_line' id='line_1_7' title="bbox 374 1072 2568 1190; baseline 0 -66"><span class='ocrx_word' id='word_1_56' title='bbox 374 1072 697 1190; x_wconf 44' lang='grc' dir='ltr'><strong>αΝαιζᾶτὲῗαῘαῑίε</strong></span> <span class='ocrx_word' id='word_1_57' title='bbox 716 1080 808 1140; x_wconf 79' lang='lat' dir='ltr'><strong>est,</strong></span> <span class='ocrx_word' id='word_1_58' title='bbox 841 1077 1021 1141; x_wconf 79' lang='lat' dir='ltr'><strong>qualem</strong></span> <span class='ocrx_word' id='word_1_59' title='bbox 1053 1076 1184 1126; x_wconf 77' lang='lat' dir='ltr'><strong>dico?</strong></span> <span class='ocrx_word' id='word_1_60' title='bbox 1247 1076 1352 1126; x_wconf 75' lang='lat' dir='ltr'><strong>Tu.</strong></span> <span class='ocrx_word' id='word_1_61' title='bbox 1386 1076 1500 1125; x_wconf 82' lang='lat' dir='ltr'><strong>Non</strong></span> <span class='ocrx_word' id='word_1_62' title='bbox 1530 1084 1617 1129; x_wconf 77' lang='lat' dir='ltr'><strong>est.</strong></span> <span class='ocrx_word' id='word_1_63' title='bbox 1686 1079 1794 1129; x_wconf 74' lang='grc' dir='ltr'><strong>ΡΥ.</strong></span> <span class='ocrx_word' id='word_1_64' title='bbox 1829 1078 1988 1141; x_wconf 69' lang='lat' dir='ltr'><strong>Atque</strong></span> <span class='ocrx_word' id='word_1_65' title='bbox 2022 1078 2165 1127; x_wconf 81' lang='lat' dir='ltr'><strong>etiam</strong></span> <span class='ocrx_word' id='word_1_66' title='bbox 2195 1078 2450 1152; x_wconf 35' lang='lat' dir='ltr'><strong>mmlis&#39;est</strong></span> <span class='ocrx_word' id='word_1_67' title='bbox 2469 1077 2568 1137; x_wconf 68' lang='lat' dir='ltr'><strong>ejus</strong></span> 
     </span>
    </p>
   </div>
   <div class='ocr_carea' id='block_1_4' title="bbox 1296 1235 1662 1260">
    <p class='ocr_par' dir='ltr' id='par_1_4' title="bbox 1296 1235 1662 1260">
     <span class='ocr_line' id='line_1_8' title="bbox 1296 1235 1662 1260; baseline 0.008 -3"><span class='ocrx_word' id='word_1_68' title='bbox 1296 1235 1662 1260; x_wconf 60' lang='lat' dir='ltr'><strong>OO‘OOOCOOOOO</strong></span> 
     </span>
    </p>
   </div>
   <div class='ocr_carea' id='block_1_5' title="bbox 360 1347 2568 3555">
    <p class='ocr_par' dir='ltr' id='par_1_5' title="bbox 360 1347 2568 3555">
     <span class='ocr_line' id='line_1_9' title="bbox 374 1347 2568 1415; baseline -0.002 -13"><span class='ocrx_word' id='word_1_69' title='bbox 374 1351 486 1402; x_wconf 72' lang='lat' dir='ltr'><strong>hab.</strong></span> <span class='ocrx_word' id='word_1_70' title='bbox 551 1351 755 1406; x_wconf 76' lang='lat' dir='ltr'>Dividit</span> <span class='ocrx_word' id='word_1_71' title='bbox 776 1352 970 1415; x_wconf 82' lang='lat' dir='ltr'><strong>Delph.</strong></span> <span class='ocrx_word' id='word_1_72' title='bbox 990 1353 1096 1404; x_wconf 81' lang='lat' dir='ltr'><strong>sic:</strong></span> <span class='ocrx_word' id='word_1_73' title='bbox 1130 1352 1574 1410; x_wconf 29' lang='lat' dir='ltr'><strong>sumus-:thomiano</strong></span> <span class='ocrx_word' id='word_1_74' title='bbox 1603 1350 1614 1412; x_wconf 86' lang='grc' dir='ltr'>Ι</span> <span class='ocrx_word' id='word_1_75' title='bbox 1641 1351 1774 1402; x_wconf 81' lang='lat' dir='ltr'><strong>Hob.</strong></span> <span class='ocrx_word' id='word_1_76' title='bbox 1796 1353 1964 1415; x_wconf 73' lang='lat' dir='ltr'><strong>ipsum.</strong></span> <span class='ocrx_word' id='word_1_77' title='bbox 2035 1349 2095 1404; x_wconf 87' lang='lat' dir='ltr'><strong>U.</strong></span> <span class='ocrx_word' id='word_1_78' title='bbox 2118 1352 2161 1400; x_wconf 80' lang='lat' dir='ltr'><strong>is</strong></span> <span class='ocrx_word' id='word_1_79' title='bbox 2181 1348 2289 1401; x_wconf 74' lang='lat' dir='ltr'><strong>est?</strong></span> <span class='ocrx_word' id='word_1_80' title='bbox 2324 1369 2338 1414; x_wconf 52' lang='lat' dir='ltr'><strong>t,</strong></span> <span class='ocrx_word' id='word_1_81' title='bbox 2355 1351 2486 1404; x_wconf 70' lang='lat' dir='ltr'><strong>Hem</strong></span> <span class='ocrx_word' id='word_1_82' title='bbox 2504 1347 2568 1399; x_wconf 79' lang='lat' dir='ltr'><strong>&#39;ud</strong></span> 
     </span>
     <span class='ocr_line' id='line_1_10' title="bbox 374 1415 2567 1482; baseline -0 -17"><span class='ocrx_word' id='word_1_83' title='bbox 374 1417 637 1474; x_wconf 73' lang='lat' dir='ltr'><strong>sinistram,</strong></span> <span class='ocrx_word' id='word_1_84' title='bbox 671 1433 765 1467; x_wconf 78' lang='lat' dir='ltr'><strong>non</strong></span> <span class='ocrx_word' id='word_1_85' title='bbox 785 1418 944 1467; x_wconf 76' lang='lat' dir='ltr'><strong>vides?</strong></span> <span class='ocrx_word' id='word_1_86' title='bbox 970 1417 980 1482; x_wconf 81' lang='lat'>1</span> <span class='ocrx_word' id='word_1_87' title='bbox 1008 1419 1102 1466; x_wconf 77' lang='lat' dir='ltr'><strong>Eu.</strong></span> <span class='ocrx_word' id='word_1_88' title='bbox 1133 1418 1301 1476; x_wconf 82' lang='lat' dir='ltr'><strong>Video,</strong></span> <span class='ocrx_word' id='word_1_89' title='bbox 1323 1420 1532 1481; x_wconf 55' lang='grc' dir='ltr'><strong>εγω-»20</strong></span> <span class='ocrx_word' id='word_1_90' title='bbox 1568 1419 1677 1467; x_wconf 87' lang='lat' dir='ltr'><strong>Nos</strong></span> <span class='ocrx_word' id='word_1_91' title='bbox 1701 1433 1767 1466; x_wconf 76' lang='lat' dir='ltr'><strong>ex</strong></span> <span class='ocrx_word' id='word_1_92' title='bbox 1787 1418 1933 1467; x_wconf 84' lang='lat' dir='ltr'><strong>Bem.</strong></span> <span class='ocrx_word' id='word_1_93' title='bbox 1976 1415 2174 1466; x_wconf 75' lang='lat' dir='ltr'><strong><em>Videsne</em></strong></span> <span class='ocrx_word' id='word_1_94' title='bbox 2193 1423 2247 1465; x_wconf 86' lang='lat' dir='ltr'><strong>et</strong></span> <span class='ocrx_word' id='word_1_95' title='bbox 2268 1416 2567 1477; x_wconf 77' lang='lat' dir='ltr'><strong>Comprendi.</strong></span> 
     </span>
     <span class='ocr_line' id='line_1_11' title="bbox 374 1478 2564 1546; baseline -0.002 -15"><span class='ocrx_word' id='word_1_96' title='bbox 374 1483 468 1533; x_wconf 84' lang='lat' dir='ltr'><strong>Fa.</strong></span> <span class='ocrx_word' id='word_1_97' title='bbox 533 1482 678 1531; x_wconf 85' lang='lat' dir='ltr'><strong>Libri</strong></span> <span class='ocrx_word' id='word_1_98' title='bbox 711 1481 873 1532; x_wconf 77' lang='lat' dir='ltr'><strong>nostri</strong></span> <span class='ocrx_word' id='word_1_99' title='bbox 905 1481 1015 1531; x_wconf 80' lang='lat' dir='ltr'><strong>fere</strong></span> <span class='ocrx_word' id='word_1_100' title='bbox 1038 1496 1216 1531; x_wconf 87' lang='lat' dir='ltr'><strong>omnes</strong></span> <span class='ocrx_word' id='word_1_101' title='bbox 1247 1482 1398 1532; x_wconf 80' lang='lat' dir='ltr'><strong><em>Viden</em></strong></span> <span class='ocrx_word' id='word_1_102' title='bbox 1420 1490 1475 1531; x_wconf 89' lang='lat' dir='ltr'><strong>et</strong></span> <span class='ocrx_word' id='word_1_103' title='bbox 1501 1483 1861 1546; x_wconf 80' lang='lat' dir='ltr'><strong><em>Comprehendi.</em></strong></span> <span class='ocrx_word' id='word_1_104' title='bbox 1893 1483 2049 1531; x_wconf 83' lang='lat' dir='ltr'><strong>Bent.</strong></span> <span class='ocrx_word' id='word_1_105' title='bbox 2084 1482 2173 1544; x_wconf 87' lang='lat' dir='ltr'><strong>qui</strong></span> <span class='ocrx_word' id='word_1_106' title='bbox 2212 1480 2287 1529; x_wconf 88' lang='lat' dir='ltr'><strong>sic</strong></span> <span class='ocrx_word' id='word_1_107' title='bbox 2321 1478 2412 1530; x_wconf 88' lang='lat' dir='ltr'><strong>dat</strong></span> <span class='ocrx_word' id='word_1_108' title='bbox 2435 1494 2564 1528; x_wconf 69' lang='lat' dir='ltr'><strong>cnm</strong></span> 
     </span>
     <span class='ocr_line' id='line_1_12' title="bbox 375 1541 2566 1613; baseline -0.001 -18"><span class='ocrx_word' id='word_1_109' title='bbox 375 1548 468 1598; x_wconf 89' lang='lat' dir='ltr'><strong>Br.</strong></span> <span class='ocrx_word' id='word_1_110' title='bbox 488 1546 645 1597; x_wconf 88' lang='lat' dir='ltr'><strong>Both.</strong></span> <span class='ocrx_word' id='word_1_111' title='bbox 669 1546 814 1603; x_wconf 82' lang='lat' dir='ltr'><strong>Peri.</strong></span> <span class='ocrx_word' id='word_1_112' title='bbox 882 1548 1163 1611; x_wconf 72' lang='lat' dir='ltr'><strong><em>comprendi</em></strong></span> <span class='ocrx_word' id='word_1_113' title='bbox 1186 1548 1310 1610; x_wconf 84' lang='lat' dir='ltr'><strong>Bip.</strong></span> <span class='ocrx_word' id='word_1_114' title='bbox 1374 1548 1525 1597; x_wconf 76' lang='lat' dir='ltr'><strong>Potes</strong></span> <span class='ocrx_word' id='word_1_115' title='bbox 1549 1541 1725 1613; x_wconf 64' lang='lat' dir='ltr'><strong>Guelf.</strong></span> <span class='ocrx_word' id='word_1_116' title='bbox 1748 1550 1925 1597; x_wconf 82' lang='grc'><strong>2.-21</strong></span> <span class='ocrx_word' id='word_1_117' title='bbox 1951 1547 2018 1608; x_wconf 72' lang='grc' dir='ltr'><strong>Ο.1</strong></span> <span class='ocrx_word' id='word_1_118' title='bbox 2040 1546 2113 1594; x_wconf 76' lang='lat' dir='ltr'><strong>illi</strong></span> <span class='ocrx_word' id='word_1_119' title='bbox 2127 1544 2374 1604; x_wconf 72' lang='lat' dir='ltr'><strong>faciemus,</strong></span> <span class='ocrx_word' id='word_1_120' title='bbox 2391 1546 2566 1594; x_wconf 75' lang='lat' dir='ltr'><strong>stulta?</strong></span> 
     </span>
     <span class='ocr_line' id='line_1_13' title="bbox 373 1607 2565 1676; baseline -0 -15"><span class='ocrx_word' id='word_1_121' title='bbox 373 1612 483 1662; x_wconf 67' lang='grc' dir='ltr'><strong>ΡΥ.</strong></span> <span class='ocrx_word' id='word_1_122' title='bbox 519 1612 583 1667; x_wconf 85' lang='lat' dir='ltr'><strong>Q.</strong></span> <span class='ocrx_word' id='word_1_123' title='bbox 603 1611 812 1674; x_wconf 78' lang='lat' dir='ltr'><strong>faciam]</strong></span> <span class='ocrx_word' id='word_1_124' title='bbox 845 1613 950 1662; x_wconf 90' lang='lat' dir='ltr'><strong>Do.</strong></span> <span class='ocrx_word' id='word_1_125' title='bbox 979 1619 1036 1662; x_wconf 88' lang='lat' dir='ltr'><strong>et</strong></span> <span class='ocrx_word' id='word_1_126' title='bbox 1056 1613 1203 1662; x_wconf 89' lang='lat' dir='ltr'><strong>Bem.</strong></span> <span class='ocrx_word' id='word_1_127' title='bbox 1227 1626 1319 1676; x_wconf 85' lang='lat' dir='ltr'><strong>pro</strong></span> <span class='ocrx_word' id='word_1_128' title='bbox 1339 1612 1434 1672; x_wconf 75' lang='lat' dir='ltr'><strong>illi,</strong></span> <span class='ocrx_word' id='word_1_129' title='bbox 1452 1614 1535 1660; x_wconf 80' lang='lat' dir='ltr'><strong>illo</strong></span> <span class='ocrx_word' id='word_1_130' title='bbox 1547 1628 1568 1671; x_wconf 76' lang='lat'><strong>,-</strong></span> <span class='ocrx_word' id='word_1_131' title='bbox 1603 1628 1695 1675; x_wconf 81' lang='lat' dir='ltr'><strong>pro</strong></span> <span class='ocrx_word' id='word_1_132' title='bbox 1718 1612 1923 1672; x_wconf 80' lang='lat' dir='ltr'><strong>faciam,</strong></span> <span class='ocrx_word' id='word_1_133' title='bbox 1942 1611 2105 1668; x_wconf 82' lang='lat' dir='ltr'><strong>facias</strong></span> <span class='ocrx_word' id='word_1_134' title='bbox 2128 1607 2350 1659; x_wconf 79' lang='lat' dir='ltr'><strong>habent:</strong></span> <span class='ocrx_word' id='word_1_135' title='bbox 2389 1616 2445 1662; x_wconf 84' lang='lat' dir='ltr'><strong>et</strong></span> <span class='ocrx_word' id='word_1_136' title='bbox 2463 1611 2565 1660; x_wconf 91' lang='lat' dir='ltr'><strong>hoc</strong></span> 
     </span>
     <span class='ocr_line' id='line_1_14' title="bbox 374 1674 2566 1740; baseline -0.002 -13"><span class='ocrx_word' id='word_1_137' title='bbox 374 1676 635 1740; x_wconf 81' lang='lat' dir='ltr'><strong>posterius</strong></span> <span class='ocrx_word' id='word_1_138' title='bbox 651 1678 846 1727; x_wconf 89' lang='lat' dir='ltr'><strong>habent</strong></span> <span class='ocrx_word' id='word_1_139' title='bbox 859 1676 1017 1739; x_wconf 81' lang='lat' dir='ltr'>aliqui</span> <span class='ocrx_word' id='word_1_140' title='bbox 1037 1677 1129 1726; x_wconf 80' lang='lat' dir='ltr'><strong>alii</strong></span> <span class='ocrx_word' id='word_1_141' title='bbox 1143 1677 1184 1727; x_wconf 91' lang='lat' dir='ltr'><strong>l.</strong></span> <span class='ocrx_word' id='word_1_142' title='bbox 1207 1691 1252 1727; x_wconf 89' lang='lat' dir='ltr'><strong>s.</strong></span> <span class='ocrx_word' id='word_1_143' title='bbox 1272 1676 1432 1726; x_wconf 84' lang='lat' dir='ltr'><strong>etiam</strong></span> <span class='ocrx_word' id='word_1_144' title='bbox 1457 1690 1522 1725; x_wconf 82' lang='lat' dir='ltr'><strong>ex</strong></span> <span class='ocrx_word' id='word_1_145' title='bbox 1546 1677 1787 1740; x_wconf 75' lang='lat' dir='ltr'><strong>antiquis.</strong></span> <span class='ocrx_word' id='word_1_146' title='bbox 1809 1678 1897 1726; x_wconf 79' lang='lat' dir='ltr'><strong>Fa.</strong></span> <span class='ocrx_word' id='word_1_147' title='bbox 1950 1675 2285 1732; x_wconf 75' lang='lat' dir='ltr'><strong>Illofaciemas</strong></span> <span class='ocrx_word' id='word_1_148' title='bbox 2296 1674 2461 1724; x_wconf 79' lang='lat' dir='ltr'><strong>Fa.et</strong></span> <span class='ocrx_word' id='word_1_149' title='bbox 2479 1675 2566 1723; x_wconf 87' lang='lat' dir='ltr'><strong>aiii</strong></span> 
     </span>
     <span class='ocr_line' id='line_1_15' title="bbox 374 1739 2566 1805; baseline -0 -14"><span class='ocrx_word' id='word_1_150' title='bbox 374 1747 765 1793; x_wconf 84' lang='lat' dir='ltr'><strong>recensuerunt.</strong></span> <span class='ocrx_word' id='word_1_151' title='bbox 807 1740 911 1792; x_wconf 85' lang='lat' dir='ltr'><strong>Sed</strong></span> <span class='ocrx_word' id='word_1_152' title='bbox 934 1741 984 1790; x_wconf 91' lang='lat' dir='ltr'><strong>in</strong></span> <span class='ocrx_word' id='word_1_153' title='bbox 1008 1742 1140 1790; x_wconf 91' lang='lat' dir='ltr'><strong>Mss.</strong></span> <span class='ocrx_word' id='word_1_154' title='bbox 1162 1741 1408 1805; x_wconf 78' lang='lat' dir='ltr'>plusculis</span> <span class='ocrx_word' id='word_1_155' title='bbox 1427 1748 1508 1790; x_wconf 89' lang='lat' dir='ltr'><strong>est</strong></span> <span class='ocrx_word' id='word_1_156' title='bbox 1523 1742 1615 1791; x_wconf 75' lang='lat' dir='ltr'><strong>illi.</strong></span> <span class='ocrx_word' id='word_1_157' title='bbox 1635 1743 1800 1791; x_wconf 83' lang='lat' dir='ltr'><strong>West.</strong></span> <span class='ocrx_word' id='word_1_158' title='bbox 1853 1740 1980 1796; x_wconf 79' lang='lat' dir='ltr'><strong>Quid</strong></span> <span class='ocrx_word' id='word_1_159' title='bbox 1990 1739 2175 1802; x_wconf 81' lang='lat' dir='ltr'><strong>facias]</strong></span> <span class='ocrx_word' id='word_1_160' title='bbox 2197 1739 2566 1790; x_wconf 83' lang='lat' dir='ltr'><strong>VariantMss.</strong></span> 
     </span>
     <span class='ocr_line' id='line_1_16' title="bbox 360 1802 2562 1870; baseline -0.001 -14"><span class='ocrx_word' id='word_1_161' title='bbox 360 1805 1010 1870; x_wconf 78' lang='lat' dir='ltr'><strong>saciam,sacias,faciemus,</strong></span> <span class='ocrx_word' id='word_1_162' title='bbox 1025 1807 1276 1863; x_wconf 63' lang='lat' dir='ltr'><strong>legentes.</strong></span> <span class='ocrx_word' id='word_1_163' title='bbox 1299 1807 1376 1855; x_wconf 86' lang='lat' dir='ltr'><strong>Id.</strong></span> <span class='ocrx_word' id='word_1_164' title='bbox 1433 1807 1560 1863; x_wconf 72' lang='lat' dir='ltr'><strong>Quid</strong></span> <span class='ocrx_word' id='word_1_165' title='bbox 1570 1806 1756 1869; x_wconf 79' lang='lat' dir='ltr'><strong>facias]</strong></span> <span class='ocrx_word' id='word_1_166' title='bbox 1777 1805 1917 1855; x_wconf 87' lang='lat' dir='ltr'><strong>Hinc</strong></span> <span class='ocrx_word' id='word_1_167' title='bbox 1940 1818 2102 1869; x_wconf 91' lang='lat' dir='ltr'><strong>usqne</strong></span> <span class='ocrx_word' id='word_1_168' title='bbox 2124 1804 2187 1852; x_wconf 91' lang='lat' dir='ltr'><strong>ad</strong></span> <span class='ocrx_word' id='word_1_169' title='bbox 2207 1802 2359 1852; x_wconf 88' lang='lat' dir='ltr'><strong>finem</strong></span> <span class='ocrx_word' id='word_1_170' title='bbox 2382 1804 2562 1854; x_wconf 84' lang='lat' dir='ltr'><strong>Scenae</strong></span> 
     </span>
     <span class='ocr_line' id='line_1_17' title="bbox 375 1867 2566 1935; baseline -0.002 -14"><span class='ocrx_word' id='word_1_171' title='bbox 375 1871 549 1921; x_wconf 88' lang='lat' dir='ltr'><strong>omnia</strong></span> <span class='ocrx_word' id='word_1_172' title='bbox 574 1872 628 1920; x_wconf 90' lang='lat' dir='ltr'><strong>in</strong></span> <span class='ocrx_word' id='word_1_173' title='bbox 651 1872 720 1922; x_wconf 80' lang='lat' dir='ltr'><strong>G.</strong></span> <span class='ocrx_word' id='word_1_174' title='bbox 742 1872 1046 1921; x_wconf 82' lang='lat' dir='ltr'><strong>tribuuntur</strong></span> <span class='ocrx_word' id='word_1_175' title='bbox 1066 1871 1287 1933; x_wconf 55' lang='lat' dir='ltr'><strong>Pythian</strong></span> <span class='ocrx_word' id='word_1_176' title='bbox 1332 1870 1444 1920; x_wconf 87' lang='lat' dir='ltr'><strong>Nisi</strong></span> <span class='ocrx_word' id='word_1_177' title='bbox 1472 1871 1608 1934; x_wconf 88' lang='lat' dir='ltr'><strong>quod</strong></span> <span class='ocrx_word' id='word_1_178' title='bbox 1630 1872 2036 1935; x_wconf 83' lang='lat' dir='ltr'><strong>suprascriptum</strong></span> <span class='ocrx_word' id='word_1_179' title='bbox 2051 1868 2255 1930; x_wconf 86' lang='lat' dir='ltr'><strong>eadem,</strong></span> <span class='ocrx_word' id='word_1_180' title='bbox 2271 1867 2566 1929; x_wconf 86' lang='lat' dir='ltr'><strong>ut-videtur,</strong></span> 
     </span>
     <span class='ocr_line' id='line_1_18' title="bbox 375 1933 2562 2000; baseline -0.001 -15"><span class='ocrx_word' id='word_1_181' title='bbox 375 1951 547 1994; x_wconf 84' lang='lat' dir='ltr'><strong>manu,</strong></span> <span class='ocrx_word' id='word_1_182' title='bbox 573 1951 708 1986; x_wconf 87' lang='lat' dir='ltr'><strong>esse·</strong></span> <span class='ocrx_word' id='word_1_183' title='bbox 731 1936 909 1999; x_wconf 87' lang='lat' dir='ltr'><strong>libros,</strong></span> <span class='ocrx_word' id='word_1_184' title='bbox 944 1938 995 1985; x_wconf 87' lang='lat' dir='ltr'><strong>in</strong></span> <span class='ocrx_word' id='word_1_185' title='bbox 1034 1935 1220 2000; x_wconf 87' lang='lat' dir='ltr'><strong>quibus</strong></span> <span class='ocrx_word' id='word_1_186' title='bbox 1257 1935 1346 1984; x_wconf 84' lang='lat' dir='ltr'><strong>illa</strong></span> <span class='ocrx_word' id='word_1_187' title='bbox 1379 1938 1394 1965; x_wconf 87' lang='lat'>‘</span> <span class='ocrx_word' id='word_1_188' title='bbox 1416 1936 1538 1985; x_wconf 90' lang='lat' dir='ltr'><strong>Non</strong></span> <span class='ocrx_word' id='word_1_189' title='bbox 1573 1944 1655 1986; x_wconf 87' lang='lat' dir='ltr'><strong>est</strong></span> <span class='ocrx_word' id='word_1_190' title='bbox 1673 1935 1688 1960; x_wconf 86' lang='lat'>&#39;</span> <span class='ocrx_word' id='word_1_191' title='bbox 1720 1935 1919 1997; x_wconf 80' lang='lat' dir='ltr'><strong>Thaidi,</strong></span> <span class='ocrx_word' id='word_1_192' title='bbox 1942 1935 2139 1999; x_wconf 83' lang='lat' dir='ltr'><strong>reliqua</strong></span> <span class='ocrx_word' id='word_1_193' title='bbox 2164 1948 2335 1984; x_wconf 87' lang='lat' dir='ltr'><strong>rursus</strong></span> <span class='ocrx_word' id='word_1_194' title='bbox 2356 1933 2562 1998; x_wconf 83' lang='lat' dir='ltr'><strong>Pytbiae</strong></span> 
     </span>
     <span class='ocr_line' id='line_1_19' title="bbox 375 1998 2563 2064; baseline -0.001 -14"><span class='ocrx_word' id='word_1_195' title='bbox 375 2001 692 2051; x_wconf 77' lang='lat' dir='ltr'><strong>tribuantur.</strong></span> <span class='ocrx_word' id='word_1_196' title='bbox 758 2003 999 2051; x_wconf 78' lang='lat' dir='ltr'><strong>Donatus</strong></span> <span class='ocrx_word' id='word_1_197' title='bbox 1035 2002 1212 2050; x_wconf 86' lang='lat' dir='ltr'><strong>itidem</strong></span> <span class='ocrx_word' id='word_1_198' title='bbox 1243 2000 1418 2050; x_wconf 87' lang='lat' dir='ltr'><strong>omnia</strong></span> <span class='ocrx_word' id='word_1_199' title='bbox 1451 2001 1659 2064; x_wconf 82' lang='lat' dir='ltr'><strong>Pythiae</strong></span> <span class='ocrx_word' id='word_1_200' title='bbox 1707 2001 1947 2050; x_wconf 80' lang='lat' dir='ltr'><strong>tribuisse</strong></span> <span class='ocrx_word' id='word_1_201' title='bbox 1972 1999 2194 2048; x_wconf 85' lang='lat' dir='ltr'><strong>videtur.</strong></span> <span class='ocrx_word' id='word_1_202' title='bbox 2259 1998 2337 2047; x_wconf 82' lang='lat' dir='ltr'><strong>Id.</strong></span> <span class='ocrx_word' id='word_1_203' title='bbox 2360 1998 2563 2047; x_wconf 63' lang='lat' dir='ltr'><strong>iva-add.</strong></span> 
     </span>
     <span class='ocr_line' id='line_1_20' title="bbox 372 2062 2562 2129; baseline -0.002 -14"><span class='ocrx_word' id='word_1_204' title='bbox 372 2066 495 2116; x_wconf 82' lang='lat' dir='ltr'><strong>Duo</strong></span> <span class='ocrx_word' id='word_1_205' title='bbox 520 2067 585 2116; x_wconf 72' lang='lat' dir='ltr'><strong>e&#39;x</strong></span> <span class='ocrx_word' id='word_1_206' title='bbox 602 2066 794 2117; x_wconf 87' lang='lat' dir='ltr'><strong>nostris</strong></span> <span class='ocrx_word' id='word_1_207' title='bbox 805 2067 995 2127; x_wconf 79' lang='lat' dir='ltr'><strong>facias.-</strong></span> <span class='ocrx_word' id='word_1_208' title='bbox 1019 2066 1114 2115; x_wconf 59' lang='lat' dir='ltr'><strong>illo</strong></span> <span class='ocrx_word' id='word_1_209' title='bbox 1130 2080 1260 2114; x_wconf 87' lang='lat' dir='ltr'><strong>unus</strong></span> <span class='ocrx_word' id='word_1_210' title='bbox 1283 2066 1585 2115; x_wconf 76' lang='lat' dir='ltr'><strong>veterrimus</strong></span> <span class='ocrx_word' id='word_1_211' title='bbox 1610 2074 1665 2116; x_wconf 89' lang='lat' dir='ltr'><strong>et</strong></span> <span class='ocrx_word' id='word_1_212' title='bbox 1688 2066 1777 2114; x_wconf 90' lang='lat' dir='ltr'><strong>Pr.</strong></span> <span class='ocrx_word' id='word_1_213' title='bbox 1790 2081 1844 2129; x_wconf 88' lang='lat' dir='ltr'><strong>p.</strong></span> <span class='ocrx_word' id='word_1_214' title='bbox 1866 2068 2009 2114; x_wconf 89' lang='grc'><strong>1101.</strong></span> <span class='ocrx_word' id='word_1_215' title='bbox 2074 2062 2253 2113; x_wconf 89' lang='lat' dir='ltr'><strong>Ceteri</strong></span> <span class='ocrx_word' id='word_1_216' title='bbox 2277 2062 2370 2122; x_wconf 70' lang='lat' dir='ltr'><strong>illi,</strong></span> <span class='ocrx_word' id='word_1_217' title='bbox 2386 2064 2562 2122; x_wconf 75' lang='lat' dir='ltr'><strong>nescio</strong></span> 
     </span>
     <span class='ocr_line' id='line_1_21' title="bbox 376 2127 2564 2193; baseline -0.001 -13"><span class='ocrx_word' id='word_1_218' title='bbox 376 2146 442 2180; x_wconf 84' lang='lat' dir='ltr'><strong>an</strong></span> <span class='ocrx_word' id='word_1_219' title='bbox 479 2131 690 2183; x_wconf 86' lang='lat' dir='ltr'><strong>rectius.</strong></span> <span class='ocrx_word' id='word_1_220' title='bbox 725 2131 876 2181; x_wconf 76' lang='lat' dir='ltr'><strong>Bent.</strong></span> <span class='ocrx_word' id='word_1_221' title='bbox 941 2131 1035 2180; x_wconf 75' lang='lat' dir='ltr'><strong><em>Illo</em></strong></span> <span class='ocrx_word' id='word_1_222' title='bbox 1057 2132 1179 2180; x_wconf 79' lang='lat' dir='ltr'><strong>Par.</strong></span> <span class='ocrx_word' id='word_1_223' title='bbox 1203 2130 1285 2180; x_wconf 87' lang='lat' dir='ltr'><strong>ed.</strong></span> <span class='ocrx_word' id='word_1_224' title='bbox 1310 2131 1443 2180; x_wconf 85' lang='lat' dir='ltr'><strong>Perl.</strong></span> <span class='ocrx_word' id='word_1_225' title='bbox 1490 2131 1583 2179; x_wconf 81' lang='lat' dir='ltr'><strong><em>Illo</em></strong></span> <span class='ocrx_word' id='word_1_226' title='bbox 1605 2131 1697 2181; x_wconf 88' lang='lat' dir='ltr'><strong>Fa.</strong></span> <span class='ocrx_word' id='word_1_227' title='bbox 1717 2130 1872 2181; x_wconf 86' lang='lat' dir='ltr'><strong>etalii</strong></span> <span class='ocrx_word' id='word_1_228' title='bbox 1899 2129 2079 2193; x_wconf 88' lang='lat' dir='ltr'><strong>optimi</strong></span> <span class='ocrx_word' id='word_1_229' title='bbox 2102 2127 2253 2179; x_wconf 84' lang='lat' dir='ltr'><strong><em>codd.</em></strong></span> <span class='ocrx_word' id='word_1_230' title='bbox 2281 2127 2389 2176; x_wconf 85' lang='lat' dir='ltr'><strong>Sed</strong></span> <span class='ocrx_word' id='word_1_231' title='bbox 2413 2128 2564 2177; x_wconf 85' lang='lat' dir='ltr'><strong>multi</strong></span> 
     </span>
     <span class='ocr_line' id='line_1_22' title="bbox 375 2192 2564 2260; baseline -0 -16"><span class='ocrx_word' id='word_1_232' title='bbox 375 2195 557 2260; x_wconf 82' lang='lat' dir='ltr'><strong>scripti</strong></span> <span class='ocrx_word' id='word_1_233' title='bbox 581 2202 637 2245; x_wconf 91' lang='lat' dir='ltr'><strong>et</strong></span> <span class='ocrx_word' id='word_1_234' title='bbox 659 2196 782 2246; x_wconf 89' lang='lat' dir='ltr'><strong>edd.</strong></span> <span class='ocrx_word' id='word_1_235' title='bbox 815 2196 889 2245; x_wconf 68' lang='lat' dir='ltr'><strong>iun·</strong></span> <span class='ocrx_word' id='word_1_236' title='bbox 914 2211 932 2245; x_wconf 93' lang='lat'><strong>.·</strong></span> <span class='ocrx_word' id='word_1_237' title='bbox 964 2210 1061 2244; x_wconf 86' lang='lat' dir='ltr'><strong>nec</strong></span> <span class='ocrx_word' id='word_1_238' title='bbox 1079 2196 1176 2245; x_wconf 90' lang='lat' dir='ltr'><strong>hoc</strong></span> <span class='ocrx_word' id='word_1_239' title='bbox 1193 2195 1510 2245; x_wconf 78' lang='lat' dir='ltr'><strong>damnamus.</strong></span> <span class='ocrx_word' id='word_1_240' title='bbox 1543 2196 1663 2259; x_wconf 74' lang='lat' dir='ltr'><strong>Rip.</strong></span> <span class='ocrx_word' id='word_1_241' title='bbox 1718 2194 1990 2257; x_wconf 81' lang='lat' dir='ltr'><strong>Fociemus]</strong></span> <span class='ocrx_word' id='word_1_242' title='bbox 2013 2194 2101 2243; x_wconf 85' lang='lat' dir='ltr'><strong>Sic</strong></span> <span class='ocrx_word' id='word_1_243' title='bbox 2122 2194 2242 2242; x_wconf 88' lang='lat' dir='ltr'><strong>olim</strong></span> <span class='ocrx_word' id='word_1_244' title='bbox 2264 2192 2316 2241; x_wconf 87' lang='lat' dir='ltr'><strong>in</strong></span> <span class='ocrx_word' id='word_1_245' title='bbox 2337 2193 2438 2241; x_wconf 86' lang='lat' dir='ltr'><strong>Ms.</strong></span> <span class='ocrx_word' id='word_1_246' title='bbox 2465 2193 2564 2255; x_wconf 80' lang='lat' dir='ltr'><strong>[sc.</strong></span> 
     </span>
     <span class='ocr_line' id='line_1_23' title="bbox 368 2257 2565 2326; baseline -0.001 -16"><span class='ocrx_word' id='word_1_247' title='bbox 368 2261 495 2326; x_wconf 59' lang='lat' dir='ltr'><strong>Bm]</strong></span> <span class='ocrx_word' id='word_1_248' title='bbox 515 2261 606 2310; x_wconf 89' lang='lat' dir='ltr'><strong>sed</strong></span> <span class='ocrx_word' id='word_1_249' title='bbox 627 2268 922 2312; x_wconf 88' lang='lat' dir='ltr'><strong>correctum</strong></span> <span class='ocrx_word' id='word_1_250' title='bbox 937 2260 1206 2320; x_wconf 70' lang='lat' dir='ltr'><strong>infaciem.</strong></span> <span class='ocrx_word' id='word_1_251' title='bbox 1230 2260 1418 2310; x_wconf 86' lang='lat' dir='ltr'><strong>Bruns.</strong></span> <span class='ocrx_word' id='word_1_252' title='bbox 1455 2258 1517 2309; x_wconf 84' lang='lat' dir='ltr'><strong>In</strong></span> <span class='ocrx_word' id='word_1_253' title='bbox 1542 2262 1634 2310; x_wconf 68' lang='grc' dir='ltr'><strong>ΒΓ.</strong></span> <span class='ocrx_word' id='word_1_254' title='bbox 1653 2268 1733 2310; x_wconf 89' lang='lat' dir='ltr'><strong>est</strong></span> <span class='ocrx_word' id='word_1_255' title='bbox 1753 2261 1845 2309; x_wconf 74' lang='lat' dir='ltr'><strong>ini.</strong></span> <span class='ocrx_word' id='word_1_256' title='bbox 1881 2259 2000 2309; x_wconf 86' lang='lat' dir='ltr'><strong><em>Illoc</em></strong></span> <span class='ocrx_word' id='word_1_257' title='bbox 2031 2259 2330 2308; x_wconf 56' lang='lat' dir='ltr'><strong>Boua—22.</strong></span> <span class='ocrx_word' id='word_1_258' title='bbox 2353 2260 2416 2307; x_wconf 82' lang='grc'><strong>23</strong></span> <span class='ocrx_word' id='word_1_259' title='bbox 2452 2257 2565 2307; x_wconf 75' lang='lat' dir='ltr'><strong>Non</strong></span> 
     </span>
     <span class='ocr_line' id='line_1_24' title="bbox 373 2321 2564 2389; baseline -0.001 -14"><span class='ocrx_word' id='word_1_260' title='bbox 373 2323 469 2389; x_wconf 82' lang='lat' dir='ltr'><strong>est]</strong></span> <span class='ocrx_word' id='word_1_261' title='bbox 504 2326 660 2376; x_wconf 89' lang='lat' dir='ltr'><strong>Varie</strong></span> <span class='ocrx_word' id='word_1_262' title='bbox 682 2327 792 2376; x_wconf 78' lang='lat' dir='ltr'><strong>hoec</strong></span> <span class='ocrx_word' id='word_1_263' title='bbox 814 2325 1144 2376; x_wconf 67' lang='lat' dir='ltr'><strong>eithibentur.</strong></span> <span class='ocrx_word' id='word_1_264' title='bbox 1177 2325 1329 2388; x_wconf 86' lang='lat' dir='ltr'><strong>Sunt,</strong></span> <span class='ocrx_word' id='word_1_265' title='bbox 1355 2326 1442 2387; x_wconf 89' lang='lat' dir='ltr'><strong>qui</strong></span> <span class='ocrx_word' id='word_1_266' title='bbox 1465 2326 1677 2388; x_wconf 84' lang='lat' dir='ltr'><strong>Pythiae</strong></span> <span class='ocrx_word' id='word_1_267' title='bbox 1702 2325 1956 2386; x_wconf 88' lang='lat' dir='ltr'><strong>tribuunt,</strong></span> <span class='ocrx_word' id='word_1_268' title='bbox 1980 2329 2100 2372; x_wconf 88' lang='lat' dir='ltr'><strong>sunt</strong></span> <span class='ocrx_word' id='word_1_269' title='bbox 2120 2325 2242 2371; x_wconf 81' lang='lat' dir='ltr'><strong>item</strong></span> <span class='ocrx_word' id='word_1_270' title='bbox 2261 2322 2348 2386; x_wconf 88' lang='lat' dir='ltr'><strong>qui</strong></span> <span class='ocrx_word' id='word_1_271' title='bbox 2363 2321 2564 2372; x_wconf 88' lang='lat' dir='ltr'><strong>Thaidi.</strong></span> 
     </span>
     <span class='ocr_line' id='line_1_25' title="bbox 372 2386 2564 2454; baseline -0.001 -14"><span class='ocrx_word' id='word_1_272' title='bbox 372 2390 625 2441; x_wconf 80' lang='lat' dir='ltr'><strong>Heinsius</strong></span> <span class='ocrx_word' id='word_1_273' title='bbox 661 2390 988 2452; x_wconf 79' lang='lat' dir='ltr'><strong>recensebat,</strong></span> <span class='ocrx_word' id='word_1_274' title='bbox 1019 2390 1124 2440; x_wconf 76' lang='lat' dir='ltr'><strong>Tu.</strong></span> <span class='ocrx_word' id='word_1_275' title='bbox 1163 2390 1291 2439; x_wconf 81' lang='lat' dir='ltr'><strong>Non.</strong></span> <span class='ocrx_word' id='word_1_276' title='bbox 1322 2389 1428 2440; x_wconf 71' lang='grc' dir='ltr'><strong>ΡΥ.</strong></span> <span class='ocrx_word' id='word_1_277' title='bbox 1467 2391 1591 2439; x_wconf 81' lang='lat' dir='ltr'><strong>Tum</strong></span> <span class='ocrx_word' id='word_1_278' title='bbox 1611 2406 1716 2454; x_wconf 66' lang='grc' dir='ltr'><strong>τινα.»</strong></span> <span class='ocrx_word' id='word_1_279' title='bbox 1748 2391 1847 2452; x_wconf 64' lang='lat' dir='ltr'><strong>eius</strong></span> <span class='ocrx_word' id='word_1_280' title='bbox 1865 2389 2148 2453; x_wconf 77' lang='lat' dir='ltr'><strong>confidentia</strong></span> <span class='ocrx_word' id='word_1_281' title='bbox 2168 2387 2263 2437; x_wconf 70' lang='lat' dir='ltr'><strong>&#39;m</strong></span> <span class='ocrx_word' id='word_1_282' title='bbox 2295 2386 2470 2451; x_wconf 84' lang='lat' dir='ltr'><strong>Atque</strong></span> <span class='ocrx_word' id='word_1_283' title='bbox 2490 2388 2564 2437; x_wconf 85' lang='lat' dir='ltr'><strong>ita</strong></span> 
     </span>
     <span class='ocr_line' id='line_1_26' title="bbox 373 2451 2565 2519; baseline -0.001 -15"><span class='ocrx_word' id='word_1_284' title='bbox 373 2456 529 2505; x_wconf 83' lang='lat' dir='ltr'><strong>estin</strong></span> <span class='ocrx_word' id='word_1_285' title='bbox 552 2456 657 2506; x_wconf 87' lang='lat' dir='ltr'><strong>Ms.</strong></span> <span class='ocrx_word' id='word_1_286' title='bbox 681 2455 824 2519; x_wconf 85' lang='lat' dir='ltr'><strong>Lips.</strong></span> <span class='ocrx_word' id='word_1_287' title='bbox 888 2457 1015 2504; x_wconf 87' lang='lat' dir='ltr'><strong>Tres</strong></span> <span class='ocrx_word' id='word_1_288' title='bbox 1039 2453 1223 2504; x_wconf 90' lang='lat' dir='ltr'><strong>Leidd.</strong></span> <span class='ocrx_word' id='word_1_289' title='bbox 1259 2454 1466 2518; x_wconf 80' lang='lat' dir='ltr'><strong>Pythiae</strong></span> <span class='ocrx_word' id='word_1_290' title='bbox 1491 2454 1749 2516; x_wconf 88' lang='lat' dir='ltr'><strong>tribuunt,</strong></span> <span class='ocrx_word' id='word_1_291' title='bbox 1786 2458 1896 2504; x_wconf 83' lang='lat' dir='ltr'><strong>Non</strong></span> <span class='ocrx_word' id='word_1_292' title='bbox 1937 2459 2005 2503; x_wconf 78' lang='lat' dir='ltr'><strong>est</strong></span> <span class='ocrx_word' id='word_1_293' title='bbox 2023 2451 2048 2503; x_wconf 68' lang='lat'><strong>:²</strong></span> <span class='ocrx_word' id='word_1_294' title='bbox 2079 2451 2334 2517; x_wconf 88' lang='lat' dir='ltr'><strong>quomodo</strong></span> <span class='ocrx_word' id='word_1_295' title='bbox 2358 2451 2483 2501; x_wconf 87' lang='lat' dir='ltr'><strong>Par.</strong></span> <span class='ocrx_word' id='word_1_296' title='bbox 2508 2459 2565 2501; x_wconf 93' lang='lat' dir='ltr'><strong>et</strong></span> 
     </span>
     <span class='ocr_line' id='line_1_27' title="bbox 375 2515 2565 2580; baseline -0.001 -12"><span class='ocrx_word' id='word_1_297' title='bbox 375 2521 463 2570; x_wconf 85' lang='lat' dir='ltr'><strong>alii</strong></span> <span class='ocrx_word' id='word_1_298' title='bbox 515 2520 814 2570; x_wconf 88' lang='lat' dir='ltr'><strong>ediderunt.</strong></span> <span class='ocrx_word' id='word_1_299' title='bbox 877 2520 1011 2569; x_wconf 87' lang='lat' dir='ltr'><strong>Mihi</strong></span> <span class='ocrx_word' id='word_1_300' title='bbox 1061 2520 1112 2567; x_wconf 89' lang='lat' dir='ltr'><strong>in</strong></span> <span class='ocrx_word' id='word_1_301' title='bbox 1163 2519 1391 2567; x_wconf 81' lang='lat' dir='ltr'><strong>mentem</strong></span> <span class='ocrx_word' id='word_1_302' title='bbox 1437 2519 1720 2580; x_wconf 54' lang='lat' dir='ltr'><strong>veniebatf·</strong></span> <span class='ocrx_word' id='word_1_303' title='bbox 1743 2519 1962 2568; x_wconf 80' lang='lat' dir='ltr'><strong>Chaerea</strong></span> <span class='ocrx_word' id='word_1_304' title='bbox 2003 2518 2212 2579; x_wconf 80' lang='lat' dir='ltr'><strong>propius</strong></span> <span class='ocrx_word' id='word_1_305' title='bbox 2259 2515 2565 2579; x_wconf 86' lang='lat' dir='ltr'><strong>accedente,</strong></span> 
     </span>
     <span class='ocr_line' id='line_1_28' title="bbox 375 2578 2565 2650; baseline -0.002 -15"><span class='ocrx_word' id='word_1_306' title='bbox 375 2585 571 2650; x_wconf 81' lang='lat' dir='ltr'><strong>Pythia</strong></span> <span class='ocrx_word' id='word_1_307' title='bbox 589 2600 712 2636; x_wconf 81' lang='lat' dir='ltr'><strong>vero</strong></span> <span class='ocrx_word' id='word_1_308' title='bbox 730 2583 935 2635; x_wconf 84' lang='lat' dir='ltr'><strong>interim</strong></span> <span class='ocrx_word' id='word_1_309' title='bbox 953 2584 1007 2633; x_wconf 90' lang='lat' dir='ltr'><strong>in</strong></span> <span class='ocrx_word' id='word_1_310' title='bbox 1030 2598 1145 2632; x_wconf 86' lang='lat' dir='ltr'><strong>eum</strong></span> <span class='ocrx_word' id='word_1_311' title='bbox 1166 2583 1543 2643; x_wconf 85' lang='lat' dir='ltr'><strong>debacchante,</strong></span> <span class='ocrx_word' id='word_1_312' title='bbox 1565 2583 1812 2631; x_wconf 86' lang='lat' dir='ltr'><strong>Thaidem</strong></span> <span class='ocrx_word' id='word_1_313' title='bbox 1834 2582 2041 2640; x_wconf 79' lang='lat' dir='ltr'><strong>dixisse,</strong></span> <span class='ocrx_word' id='word_1_314' title='bbox 2055 2582 2195 2629; x_wconf 77' lang='lat' dir='ltr'><strong>Nou.-</strong></span> <span class='ocrx_word' id='word_1_315' title='bbox 2216 2585 2279 2629; x_wconf 78' lang='lat' dir='ltr'><strong>st.</strong></span> <span class='ocrx_word' id='word_1_316' title='bbox 2303 2578 2565 2630; x_wconf 82' lang='lat' dir='ltr'><strong>Acidaiius</strong></span> 
     </span>
     <span class='ocr_line' id='line_1_29' title="bbox 362 2643 2566 2715; baseline -0.003 -15"><span class='ocrx_word' id='word_1_317' title='bbox 362 2650 613 2715; x_wconf 75' lang='lat' dir='ltr'><strong>&#39;legebatz</strong></span> <span class='ocrx_word' id='word_1_318' title='bbox 648 2647 963 2699; x_wconf 76' lang='lat' dir='ltr'><strong>Monstrum!</strong></span> <span class='ocrx_word' id='word_1_319' title='bbox 992 2662 1097 2712; x_wconf 74' lang='lat' dir='ltr'><strong>quoe</strong></span> <span class='ocrx_word' id='word_1_320' title='bbox 1124 2647 1224 2708; x_wconf 77' lang='lat' dir='ltr'><strong>ejus</strong></span> <span class='ocrx_word' id='word_1_321' title='bbox 1243 2646 1526 2712; x_wconf 78' lang='lat' dir='ltr'><strong>confidentia</strong></span> <span class='ocrx_word' id='word_1_322' title='bbox 1557 2644 1669 2697; x_wconf 74' lang='lat' dir='ltr'><strong>est?</strong></span> <span class='ocrx_word' id='word_1_323' title='bbox 1718 2648 1935 2705; x_wconf 71' lang='lat' dir='ltr'><strong>Vereor-5</strong></span> <span class='ocrx_word' id='word_1_324' title='bbox 1973 2659 2039 2693; x_wconf 88' lang='lat' dir='ltr'><strong>ue</strong></span> <span class='ocrx_word' id='word_1_325' title='bbox 2082 2644 2243 2706; x_wconf 82' lang='lat' dir='ltr'><strong>magis</strong></span> <span class='ocrx_word' id='word_1_326' title='bbox 2279 2643 2566 2706; x_wconf 64' lang='lat' dir='ltr'><strong>ingeniose,</strong></span> 
     </span>
     <span class='ocr_line' id='line_1_30' title="bbox 372 2709 2561 2778; baseline -0.003 -14"><span class='ocrx_word' id='word_1_327' title='bbox 372 2727 525 2778; x_wconf 84' lang='lat' dir='ltr'><strong>quam</strong></span> <span class='ocrx_word' id='word_1_328' title='bbox 547 2725 687 2765; x_wconf 78' lang='lat' dir='ltr'><strong>vere.</strong></span> <span class='ocrx_word' id='word_1_329' title='bbox 728 2715 880 2765; x_wconf 81' lang='lat' dir='ltr'><strong>West.</strong></span> <span class='ocrx_word' id='word_1_330' title='bbox 952 2714 1022 2762; x_wconf 86' lang='lat' dir='ltr'><strong>Os</strong></span> <span class='ocrx_word' id='word_1_331' title='bbox 1033 2713 1294 2775; x_wconf 80' lang='lat' dir='ltr'><strong>impudens,</strong></span> <span class='ocrx_word' id='word_1_332' title='bbox 1315 2715 1396 2773; x_wconf 58' lang='grc' dir='ltr'><strong>ξε.</strong></span> <span class='ocrx_word' id='word_1_333' title='bbox 1432 2711 1565 2761; x_wconf 85' lang='lat' dir='ltr'><strong>Haec</strong></span> <span class='ocrx_word' id='word_1_334' title='bbox 1589 2711 1758 2761; x_wconf 89' lang='lat' dir='ltr'><strong>omnia</strong></span> <span class='ocrx_word' id='word_1_335' title='bbox 1780 2712 1889 2759; x_wconf 86' lang='lat' dir='ltr'><strong>sine</strong></span> <span class='ocrx_word' id='word_1_336' title='bbox 1914 2709 2561 2772; x_wconf 60' lang='lat' dir='ltr'><strong>interpositione&#39;pen‘onae</strong></span> 
     </span>
     <span class='ocr_line' id='line_1_31' title="bbox 373 2772 2564 2843; baseline -0.003 -14"><span class='ocrx_word' id='word_1_337' title='bbox 373 2779 587 2829; x_wconf 84' lang='lat' dir='ltr'><strong>Thaidis</strong></span> <span class='ocrx_word' id='word_1_338' title='bbox 606 2780 659 2828; x_wconf 89' lang='lat' dir='ltr'><strong>in</strong></span> <span class='ocrx_word' id='word_1_339' title='bbox 682 2778 828 2829; x_wconf 85' lang='lat' dir='ltr'><strong>libris</strong></span> <span class='ocrx_word' id='word_1_340' title='bbox 852 2778 1074 2843; x_wconf 88' lang='lat' dir='ltr'><strong>antiquis</strong></span> <span class='ocrx_word' id='word_1_341' title='bbox 1096 2779 1374 2840; x_wconf 83' lang='lat' dir='ltr'><strong>leguntur:</strong></span> <span class='ocrx_word' id='word_1_342' title='bbox 1413 2775 1535 2840; x_wconf 86' lang='lat' dir='ltr'><strong>quin</strong></span> <span class='ocrx_word' id='word_1_343' title='bbox 1561 2782 1618 2825; x_wconf 93' lang='lat' dir='ltr'><strong>et</strong></span> <span class='ocrx_word' id='word_1_344' title='bbox 1639 2773 1882 2825; x_wconf 63' lang='lat' dir='ltr'><strong>Donatus*</strong></span> <span class='ocrx_word' id='word_1_345' title='bbox 1903 2788 2106 2838; x_wconf 86' lang='lat' dir='ltr'><strong>quoque</strong></span> <span class='ocrx_word' id='word_1_346' title='bbox 2120 2774 2233 2821; x_wconf 83' lang='lat' dir='ltr'><strong>haec</strong></span> <span class='ocrx_word' id='word_1_347' title='bbox 2257 2772 2372 2835; x_wconf 67' lang='lat' dir='ltr'><strong>ipsa</strong></span> <span class='ocrx_word' id='word_1_348' title='bbox 2392 2773 2564 2823; x_wconf 71' lang='lat' dir='ltr'><strong>omnia</strong></span> 
     </span>
     <span class='ocr_line' id='line_1_32' title="bbox 376 2837 2563 2908; baseline -0.003 -14"><span class='ocrx_word' id='word_1_349' title='bbox 376 2859 614 2908; x_wconf 80' lang='lat' dir='ltr'><strong>personae</strong></span> <span class='ocrx_word' id='word_1_350' title='bbox 638 2844 849 2908; x_wconf 77' lang='lat' dir='ltr'><strong>Pythiae</strong></span> <span class='ocrx_word' id='word_1_351' title='bbox 874 2841 1129 2892; x_wconf 83' lang='lat' dir='ltr'><strong>attribuit.</strong></span> <span class='ocrx_word' id='word_1_352' title='bbox 1195 2842 1337 2903; x_wconf 88' lang='lat' dir='ltr'><strong>Ergo</strong></span> <span class='ocrx_word' id='word_1_353' title='bbox 1358 2841 1470 2889; x_wconf 83' lang='lat' dir='ltr'><strong>baec</strong></span> <span class='ocrx_word' id='word_1_354' title='bbox 1493 2841 1570 2890; x_wconf 89' lang='lat' dir='ltr'><strong>ita</strong></span> <span class='ocrx_word' id='word_1_355' title='bbox 1601 2839 1935 2903; x_wconf 78' lang='lat' dir='ltr'><strong>intelligenda</strong></span> <span class='ocrx_word' id='word_1_356' title='bbox 1957 2846 2075 2888; x_wconf 82' lang='lat' dir='ltr'><strong>suut</strong></span> <span class='ocrx_word' id='word_1_357' title='bbox 2096 2855 2111 2889; x_wconf 69' lang='lat' dir='ltr'>a</span> <span class='ocrx_word' id='word_1_358' title='bbox 2143 2838 2280 2886; x_wconf 75' lang='lat' dir='ltr'><strong>Vide</strong></span> <span class='ocrx_word' id='word_1_359' title='bbox 2299 2837 2499 2900; x_wconf 77' lang='lat' dir='ltr'><strong>amabe,</strong></span> <span class='ocrx_word' id='word_1_360' title='bbox 2520 2839 2563 2888; x_wconf 88' lang='lat' dir='ltr'><strong>si</strong></span> 
     </span>
     <span class='ocr_line' id='line_1_33' title="bbox 361 2901 2562 2972; baseline -0.004 -13"><span class='ocrx_word' id='word_1_361' title='bbox 361 2917 483 2959; x_wconf 80' lang='lat' dir='ltr'><strong>‘non&#39;</strong></span> <span class='ocrx_word' id='word_1_362' title='bbox 501 2925 556 2959; x_wconf 89' lang='lat' dir='ltr'><strong>os</strong></span> <span class='ocrx_word' id='word_1_363' title='bbox 577 2908 852 2972; x_wconf 83' lang='lat' dir='ltr'><strong>impudens</strong></span> <span class='ocrx_word' id='word_1_364' title='bbox 874 2907 1082 2972; x_wconf 88' lang='lat' dir='ltr'><strong>quidem</strong></span> <span class='ocrx_word' id='word_1_365' title='bbox 1113 2903 1340 2967; x_wconf 75' lang='lat' dir='ltr'><strong>videtur,</strong></span> <span class='ocrx_word' id='word_1_366' title='bbox 1363 2920 1465 2954; x_wconf 89' lang='lat' dir='ltr'><strong>non</strong></span> <span class='ocrx_word' id='word_1_367' title='bbox 1500 2912 1674 2955; x_wconf 86' lang='lat' dir='ltr'><strong>autem</strong></span> <span class='ocrx_word' id='word_1_368' title='bbox 1708 2913 1807 2956; x_wconf 87' lang='lat' dir='ltr'><strong>est.</strong></span> <span class='ocrx_word' id='word_1_369' title='bbox 1843 2905 1934 2954; x_wconf 84' lang='lat' dir='ltr'><strong>Fa.</strong></span> <span class='ocrx_word' id='word_1_370' title='bbox 1991 2902 2153 2966; x_wconf 73' lang='lat' dir='ltr'><strong>Atqui</strong></span> <span class='ocrx_word' id='word_1_371' title='bbox 2188 2901 2400 2965; x_wconf 78' lang='lat' dir='ltr'><strong>plurimi</strong></span> <span class='ocrx_word' id='word_1_372' title='bbox 2419 2904 2562 2966; x_wconf 70' lang='lat' dir='ltr'><strong>apud</strong></span> 
     </span>
     <span class='ocr_line' id='line_1_34' title="bbox 374 2966 2564 3033; baseline -0.003 -9"><span class='ocrx_word' id='word_1_373' title='bbox 374 2984 459 3024; x_wconf 84' lang='lat' dir='ltr'><strong>me</strong></span> <span class='ocrx_word' id='word_1_374' title='bbox 490 2975 711 3024; x_wconf 82' lang='lat' dir='ltr'><strong>Codices</strong></span> <span class='ocrx_word' id='word_1_375' title='bbox 736 2974 850 3022; x_wconf 75' lang='lat' dir='ltr'><strong>Non</strong></span> <span class='ocrx_word' id='word_1_376' title='bbox 881 2977 952 3021; x_wconf 81' lang='lat' dir='ltr'><strong>est</strong></span> <span class='ocrx_word' id='word_1_377' title='bbox 970 2970 1154 3020; x_wconf 88' lang='lat' dir='ltr'><strong>Thaidi</strong></span> <span class='ocrx_word' id='word_1_378' title='bbox 1176 2971 1430 3022; x_wconf 79' lang='lat' dir='ltr'><strong>tribuunt.</strong></span> <span class='ocrx_word' id='word_1_379' title='bbox 1496 2971 1668 3033; x_wconf 84' lang='lat' dir='ltr'><strong>Lego:</strong></span> <span class='ocrx_word' id='word_1_380' title='bbox 1712 2969 1832 3020; x_wconf 78' lang='lat' dir='ltr'><strong>Vide</strong></span> <span class='ocrx_word' id='word_1_381' title='bbox 1851 2968 2013 3018; x_wconf 81' lang='lat' dir='ltr'><strong>amabo</strong></span> <span class='ocrx_word' id='word_1_382' title='bbox 2032 2968 2076 3016; x_wconf 78' lang='lat' dir='ltr'><strong>si</strong></span> <span class='ocrx_word' id='word_1_383' title='bbox 2097 2982 2328 3028; x_wconf 60' lang='lat' dir='ltr'><strong>nome-um</strong></span> <span class='ocrx_word' id='word_1_384' title='bbox 2341 2966 2564 3031; x_wconf 77' lang='lat' dir='ltr'><strong>aspicias,</strong></span> 
     </span>
     <span class='ocr_line' id='line_1_35' title="bbox 377 3033 2565 3103; baseline -0.004 -14"><span class='ocrx_word' id='word_1_385' title='bbox 377 3055 431 3089; x_wconf 92' lang='lat' dir='ltr'><strong>os</strong></span> <span class='ocrx_word' id='word_1_386' title='bbox 460 3040 704 3103; x_wconf 76' lang='lat' dir='ltr'><strong>impudens</strong></span> <span class='ocrx_word' id='word_1_387' title='bbox 733 3037 951 3087; x_wconf 73' lang='lat' dir='ltr'><strong>Videtur.</strong></span> <span class='ocrx_word' id='word_1_388' title='bbox 985 3034 1096 3085; x_wconf 79' lang='grc' dir='ltr'><strong>ΤΗ.</strong></span> <span class='ocrx_word' id='word_1_389' title='bbox 1132 3036 1262 3084; x_wconf 77' lang='lat' dir='ltr'><strong>Non.</strong></span> <span class='ocrx_word' id='word_1_390' title='bbox 1298 3035 1404 3085; x_wconf 78' lang='grc' dir='ltr'><strong>ΡΥ.</strong></span> <span class='ocrx_word' id='word_1_391' title='bbox 1445 3035 1564 3084; x_wconf 81' lang='lat' dir='ltr'><strong>Tum</strong></span> <span class='ocrx_word' id='word_1_392' title='bbox 1586 3050 1689 3099; x_wconf 78' lang='lat' dir='ltr'><strong>quae</strong></span> <span class='ocrx_word' id='word_1_393' title='bbox 1708 3034 1810 3096; x_wconf 67' lang='lat' dir='ltr'><strong>eius</strong></span> <span class='ocrx_word' id='word_1_394' title='bbox 1831 3033 2187 3100; x_wconf 74' lang='lat' dir='ltr'><strong>confidentiast?</strong></span> <span class='ocrx_word' id='word_1_395' title='bbox 2221 3034 2375 3082; x_wconf 82' lang='lat' dir='ltr'><strong>Bent.</strong></span> <span class='ocrx_word' id='word_1_396' title='bbox 2441 3034 2565 3086; x_wconf 48' lang='lat' dir='ltr'><strong>Seue</strong></span> 
     </span>
     <span class='ocr_line' id='line_1_36' title="bbox 373 3096 2565 3165; baseline -0.003 -11"><span class='ocrx_word' id='word_1_397' title='bbox 373 3120 461 3154; x_wconf 85' lang='lat' dir='ltr'><strong>sus</strong></span> <span class='ocrx_word' id='word_1_398' title='bbox 487 3105 644 3154; x_wconf 83' lang='lat' dir='ltr'><strong>talis:</strong></span> <span class='ocrx_word' id='word_1_399' title='bbox 684 3102 821 3152; x_wconf 89' lang='lat' dir='ltr'><strong>Vide</strong></span> <span class='ocrx_word' id='word_1_400' title='bbox 854 3102 1248 3164; x_wconf 86' lang='lat' dir='ltr'><strong>impudentiam,</strong></span> <span class='ocrx_word' id='word_1_401' title='bbox 1267 3099 1389 3149; x_wconf 86' lang='lat' dir='ltr'><strong>vide</strong></span> <span class='ocrx_word' id='word_1_402' title='bbox 1423 3108 1713 3165; x_wconf 83' lang='lat' dir='ltr'><strong>aspectum,</strong></span> <span class='ocrx_word' id='word_1_403' title='bbox 1746 3098 2174 3165; x_wconf 85' lang='lat' dir='ltr'><strong>quemadmodum</strong></span> <span class='ocrx_word' id='word_1_404' title='bbox 2207 3096 2419 3147; x_wconf 85' lang='lat' dir='ltr'><strong>incedit.</strong></span> <span class='ocrx_word' id='word_1_405' title='bbox 2488 3098 2565 3147; x_wconf 87' lang='lat' dir='ltr'><strong>Os</strong></span> 
     </span>
     <span class='ocr_line' id='line_1_37' title="bbox 375 3161 2566 3233; baseline -0.004 -14"><span class='ocrx_word' id='word_1_406' title='bbox 375 3184 502 3233; x_wconf 82' lang='lat' dir='ltr'><strong>ergo</strong></span> <span class='ocrx_word' id='word_1_407' title='bbox 535 3167 806 3233; x_wconf 87' lang='lat' dir='ltr'><strong>impudens</strong></span> <span class='ocrx_word' id='word_1_408' title='bbox 845 3166 1070 3224; x_wconf 85' lang='lat' dir='ltr'><strong>videtur,</strong></span> <span class='ocrx_word' id='word_1_409' title='bbox 1113 3178 1229 3214; x_wconf 89' lang='lat' dir='ltr'><strong>cum</strong></span> <span class='ocrx_word' id='word_1_410' title='bbox 1262 3164 1484 3228; x_wconf 80' lang='lat' dir='ltr'><strong>aspicias</strong></span> <span class='ocrx_word' id='word_1_411' title='bbox 1522 3166 1719 3215; x_wconf 82' lang='lat' dir='ltr'><strong>venire.</strong></span> <span class='ocrx_word' id='word_1_412' title='bbox 1785 3166 1877 3229; x_wconf 86' lang='lat' dir='ltr'><strong>Et,</strong></span> <span class='ocrx_word' id='word_1_413' title='bbox 1906 3165 2051 3227; x_wconf 87' lang='lat' dir='ltr'><strong>quasi</strong></span> <span class='ocrx_word' id='word_1_414' title='bbox 2091 3161 2283 3227; x_wconf 86' lang='lat' dir='ltr'><strong>aliquid</strong></span> <span class='ocrx_word' id='word_1_415' title='bbox 2318 3163 2566 3212; x_wconf 81' lang='lat' dir='ltr'><strong>meretrix</strong></span> 
     </span>
     <span class='ocr_line' id='line_1_38' title="bbox 376 3228 2566 3295; baseline -0.002 -12"><span class='ocrx_word' id='word_1_416' title='bbox 376 3235 591 3295; x_wconf 88' lang='lat' dir='ltr'><strong>dixerit,</strong></span> <span class='ocrx_word' id='word_1_417' title='bbox 624 3233 701 3282; x_wconf 88' lang='lat' dir='ltr'><strong>ita</strong></span> <span class='ocrx_word' id='word_1_418' title='bbox 733 3230 1027 3295; x_wconf 82' lang='lat' dir='ltr'><strong>subjungit,</strong></span> <span class='ocrx_word' id='word_1_419' title='bbox 1045 3232 1158 3279; x_wconf 84' lang='lat' dir='ltr'><strong>Non</strong></span> <span class='ocrx_word' id='word_1_420' title='bbox 1179 3235 1293 3279; x_wconf 78' lang='lat' dir='ltr'><strong>est?</strong></span> <span class='ocrx_word' id='word_1_421' title='bbox 1323 3230 1469 3294; x_wconf 87' lang='lat' dir='ltr'><strong>quasi</strong></span> <span class='ocrx_word' id='word_1_422' title='bbox 1494 3246 1507 3279; x_wconf 72' lang='grc' dir='ltr'><strong>ε</strong></span> <span class='ocrx_word' id='word_1_423' title='bbox 1546 3231 1724 3293; x_wconf 87' lang='lat' dir='ltr'><strong>Negas</strong></span> <span class='ocrx_word' id='word_1_424' title='bbox 1758 3245 1872 3279; x_wconf 89' lang='lat' dir='ltr'><strong>esse</strong></span> <span class='ocrx_word' id='word_1_425' title='bbox 1906 3228 2042 3293; x_wconf 92' lang='lat' dir='ltr'><strong>quod</strong></span> <span class='ocrx_word' id='word_1_426' title='bbox 2068 3228 2219 3277; x_wconf 84' lang='lat' dir='ltr'><strong>dico?</strong></span> <span class='ocrx_word' id='word_1_427' title='bbox 2266 3229 2353 3285; x_wconf 86' lang='lat' dir='ltr'><strong>Et,</strong></span> <span class='ocrx_word' id='word_1_428' title='bbox 2389 3229 2484 3288; x_wconf 80' lang='lat' dir='ltr'><strong>hoc</strong></span> <span class='ocrx_word' id='word_1_429' title='bbox 2508 3238 2566 3278; x_wconf 88' lang='lat' dir='ltr'><strong>nt</strong></span> 
     </span>
     <span class='ocr_line' id='line_1_39' title="bbox 364 3292 2565 3360; baseline -0.002 -12"><span class='ocrx_word' id='word_1_430' title='bbox 364 3293 666 3360; x_wconf 84' lang='lat' dir='ltr'><strong>&#39;confirmet,</strong></span> <span class='ocrx_word' id='word_1_431' title='bbox 705 3295 944 3359; x_wconf 87' lang='lat' dir='ltr'><strong>adjungit</strong></span> <span class='ocrx_word' id='word_1_432' title='bbox 969 3311 982 3344; x_wconf 77' lang='lat' dir='ltr'><strong><em>z</em></strong></span> <span class='ocrx_word' id='word_1_433' title='bbox 1040 3296 1148 3344; x_wconf 88' lang='lat' dir='ltr'><strong>Cur</strong></span> <span class='ocrx_word' id='word_1_434' title='bbox 1186 3295 1347 3355; x_wconf 83' lang='lat' dir='ltr'><strong>igitur</strong></span> <span class='ocrx_word' id='word_1_435' title='bbox 1385 3301 1535 3342; x_wconf 86' lang='lat' dir='ltr'><strong>tauta</strong></span> <span class='ocrx_word' id='word_1_436' title='bbox 1578 3294 1889 3342; x_wconf 88' lang='lat' dir='ltr'><strong>confidentia</strong></span> <span class='ocrx_word' id='word_1_437' title='bbox 1950 3292 2113 3340; x_wconf 81' lang='lat' dir='ltr'><strong>fretus</strong></span> <span class='ocrx_word' id='word_1_438' title='bbox 2158 3292 2383 3339; x_wconf 84' lang='lat' dir='ltr'><strong>incedit?</strong></span> <span class='ocrx_word' id='word_1_439' title='bbox 2436 3294 2565 3355; x_wconf 77' lang='lat' dir='ltr'><strong>Eug.</strong></span> 
     </span>
     <span class='ocr_line' id='line_1_40' title="bbox 363 3355 2565 3430; baseline -0.003 -18"><span class='ocrx_word' id='word_1_440' title='bbox 363 3363 515 3430; x_wconf 56' lang='lat' dir='ltr'><strong>wan]</strong></span> <span class='ocrx_word' id='word_1_441' title='bbox 551 3362 709 3425; x_wconf 82' lang='lat' dir='ltr'><strong>Vulg.</strong></span> <span class='ocrx_word' id='word_1_442' title='bbox 744 3365 835 3410; x_wconf 82' lang='lat' dir='ltr'><strong>est.</strong></span> <span class='ocrx_word' id='word_1_443' title='bbox 902 3360 1023 3409; x_wconf 89' lang='lat' dir='ltr'><strong>Non</strong></span> <span class='ocrx_word' id='word_1_444' title='bbox 1052 3359 1246 3407; x_wconf 76' lang='lat' dir='ltr'><strong>habent</strong></span> <span class='ocrx_word' id='word_1_445' title='bbox 1282 3359 1425 3405; x_wconf 91' lang='lat' dir='ltr'><strong>Mur.</strong></span> <span class='ocrx_word' id='word_1_446' title='bbox 1470 3359 1627 3405; x_wconf 87' lang='lat' dir='ltr'><strong>Bent.</strong></span> <span class='ocrx_word' id='word_1_447' title='bbox 1661 3357 1817 3405; x_wconf 84' lang='lat' dir='ltr'><strong>Both.</strong></span> <span class='ocrx_word' id='word_1_448' title='bbox 1886 3355 2063 3422; x_wconf 86' lang='lat' dir='ltr'><strong>Atque</strong></span> <span class='ocrx_word' id='word_1_449' title='bbox 2093 3355 2200 3402; x_wconf 77' lang='lat' dir='ltr'><strong>Non</strong></span> <span class='ocrx_word' id='word_1_450' title='bbox 2220 3355 2384 3403; x_wconf 85' lang='lat' dir='ltr'><strong>West.</strong></span> <span class='ocrx_word' id='word_1_451' title='bbox 2408 3355 2565 3406; x_wconf 71' lang='lat' dir='ltr'><strong>Bent&#39;.</strong></span> 
     </span>
     <span class='ocr_line' id='line_1_41' title="bbox 377 3416 2565 3483; baseline -0.004 -6"><span class='ocrx_word' id='word_1_452' title='bbox 377 3425 555 3477; x_wconf 55' lang='lat' dir='ltr'><strong>notu:</strong></span> <span class='ocrx_word' id='word_1_453' title='bbox 578 3424 762 3474; x_wconf 87' lang='lat' dir='ltr'><strong>Thaidi</strong></span> <span class='ocrx_word' id='word_1_454' title='bbox 808 3424 939 3472; x_wconf 88' lang='lat' dir='ltr'><strong>bene</strong></span> <span class='ocrx_word' id='word_1_455' title='bbox 985 3422 1235 3471; x_wconf 62' lang='lat' dir='ltr'><strong>tribuunt‘</strong></span> <span class='ocrx_word' id='word_1_456' title='bbox 1254 3419 1684 3483; x_wconf 86' lang='lat' dir='ltr'><strong>respondendum.</strong></span> <span class='ocrx_word' id='word_1_457' title='bbox 1729 3422 1858 3469; x_wconf 85' lang='lat' dir='ltr'><strong>Perl.</strong></span> <span class='ocrx_word' id='word_1_458' title='bbox 1927 3421 2036 3468; x_wconf 74' lang='lat' dir='ltr'><strong>Nem</strong></span> <span class='ocrx_word' id='word_1_459' title='bbox 2057 3417 2150 3479; x_wconf 80' lang='lat' dir='ltr'><strong>est]</strong></span> <span class='ocrx_word' id='word_1_460' title='bbox 2183 3416 2271 3467; x_wconf 87' lang='lat' dir='ltr'><strong>Al.</strong></span> <span class='ocrx_word' id='word_1_461' title='bbox 2307 3425 2363 3467; x_wconf 87' lang='lat' dir='ltr'><strong>et</strong></span> <span class='ocrx_word' id='word_1_462' title='bbox 2395 3419 2492 3468; x_wconf 86' lang='lat' dir='ltr'><strong>hoc</strong></span> <span class='ocrx_word' id='word_1_463' title='bbox 2535 3438 2565 3469; x_wconf 89' lang='lat' dir='ltr'><strong>a</strong></span> 
     </span>
     <span class='ocr_line' id='line_1_42' title="bbox 379 3481 2564 3555; baseline -0.003 -14"><span class='ocrx_word' id='word_1_464' title='bbox 379 3491 574 3555; x_wconf 83' lang='lat' dir='ltr'><strong>Pythia</strong></span> <span class='ocrx_word' id='word_1_465' title='bbox 599 3490 794 3539; x_wconf 87' lang='lat' dir='ltr'><strong>dictum</strong></span> <span class='ocrx_word' id='word_1_466' title='bbox 820 3487 1056 3536; x_wconf 84' lang='lat' dir='ltr'><strong>tribuunt</strong></span> <span class='ocrx_word' id='word_1_467' title='bbox 1091 3485 1278 3536; x_wconf 88' lang='lat' dir='ltr'><strong>Thaidi</strong></span> <span class='ocrx_word' id='word_1_468' title='bbox 1302 3492 1498 3551; x_wconf 79' lang='lat' dir='ltr'><strong>proeter</strong></span> <span class='ocrx_word' id='word_1_469' title='bbox 1522 3498 1749 3535; x_wconf 85' lang='lat' dir='ltr'><strong>sensum.</strong></span> <span class='ocrx_word' id='word_1_470' title='bbox 1785 3485 1905 3551; x_wconf 69' lang='lat' dir='ltr'><strong>Rip.</strong></span> <span class='ocrx_word' id='word_1_471' title='bbox 1974 3484 2088 3533; x_wconf 72' lang='lat' dir='ltr'><strong>Non</strong></span> <span class='ocrx_word' id='word_1_472' title='bbox 2109 3481 2216 3533; x_wconf 63' lang='lat' dir='ltr'><strong>est?</strong></span> <span class='ocrx_word' id='word_1_473' title='bbox 2255 3483 2344 3532; x_wconf 90' lang='lat' dir='ltr'><strong>Br.</strong></span> <span class='ocrx_word' id='word_1_474' title='bbox 2381 3482 2438 3534; x_wconf 89' lang='lat' dir='ltr'><strong>Z.</strong></span> <span class='ocrx_word' id='word_1_475' title='bbox 2477 3489 2564 3550; x_wconf 82' lang='lat' dir='ltr'><strong>qu&#39;i</strong></span> 
     </span>
    </p>
   </div>
   <div class='ocr_carea' id='block_1_6' title="bbox 378 3552 1245 3618">
    <p class='ocr_par' dir='ltr' id='par_1_6' title="bbox 378 3552 1245 3618">
     <span class='ocr_line' id='line_1_43' title="bbox 378 3552 1245 3618; baseline -0.01 -9"><span class='ocrx_word' id='word_1_476' title='bbox 378 3557 510 3609; x_wconf 84' lang='lat' dir='ltr'><strong>dant</strong></span> <span class='ocrx_word' id='word_1_477' title='bbox 529 3556 642 3606; x_wconf 80' lang='lat' dir='ltr'><strong>haec</strong></span> <span class='ocrx_word' id='word_1_478' title='bbox 664 3553 824 3606; x_wconf 84' lang='lat' dir='ltr'><strong>verba</strong></span> <span class='ocrx_word' id='word_1_479' title='bbox 841 3552 1068 3618; x_wconf 67' lang='lat' dir='ltr'><strong>Pythiae.</strong></span> <span class='ocrx_word' id='word_1_480' title='bbox 1108 3563 1113 3566; x_wconf 76' lang='grc'><strong>’</strong></span> <span class='ocrx_word' id='word_1_481' title='bbox 1238 3557 1245 3566; x_wconf 79' lang='lat'><strong><em>‘</em></strong></span> 
     </span>
    </p>
   </div>
   <div class='ocr_carea' id='block_1_7' title="bbox 2535 3745 2549 3772">
    <p class='ocr_par' dir='ltr' id='par_1_7' title="bbox 2535 3745 2549 3772">
     <span class='ocr_line' id='line_1_44' title="bbox 2535 3745 2549 3772; baseline 0 0"><span class='ocrx_word' id='word_1_482' title='bbox 2535 3745 2549 3772; x_wconf 77' lang='lat' dir='ltr'><strong>t</strong></span> 
     </span>
    </p>
   </div>
  </div>
 </body>
</html>
