3050 4942
1000 389 1097 437 DE
1144 387 1443 440 comicis
1494 391 1880 444 vssusrnUS.
2391 386 2518 453 173

329 527 522 610 longa
562 538 625 590 et
665 529 829 590 brevi
871 530 1081 606 scribe,
1124 549 1316 605 musa,
1355 535 1552 595 verba.
1637 533 1770 597 Hoc
1811 537 2064 599 iambum
2091 558 2210 600 non
2239 519 2527 619 admittit,

330 625 832 705 quemadmodum
859 646 1052 707 neque
1077 629 1137 688 in
1163 630 1472 691 iambicum
1501 632 1795 693 trochaeus
1837 632 2182 714 ingreditur.
2266 639 2394 699 Etsi
2424 661 2517 702 re-

326 723 549 800 peritur
574 723 750 784 etiam
778 726 839 782 in
869 724 1097 800 Graecis
1122 728 1419 806 τροχαῖκόν
1438 731 1802 809 τετράμετρον
1822 735 2237 807 καταληπικόν,
2263 734 2323 794 in
2345 739 2515 818 cujus

327 829 545 899 quarto
574 821 709 881 loco
736 819 971 900 ponitur
996 821 1246 895 iambuS,
1275 833 1341 882 ut
1366 822 1424 882 in
1453 824 1743 885 Nebulis:
2476 874 2480 880 .
2521 875 2528 887 ,

409 913 490 975 Ὦ
516 919 808 996 θεώμενοι,
855 928 1062 995 κατερῶ
1089 922 1221 997 πρός
1248 918 1308 996 γ’
1332 921 1475 999 ὑμᾶς
1505 924 1825 1001 ἐλευθέρως.
1909 922 2098 1004 quue
2143 926 2513 991 Εὔπολίδειον

325 1014 654 1078 &ovat-uror
683 1023 1062 1076 vocarunt..

409 1109 531 1169 Sed
549 1109 746 1171 multo
774 1110 991 1190 majore
1017 1111 1257 1172 licentia
1284 1112 1477 1172 Latini
1501 1115 1595 1175 usi
1621 1114 1879 1190 fuerunt,
1906 1126 1967 1177 et
1992 1118 2235 1198 passim,
2262 1129 2329 1180 ut
2348 1121 2512 1182 vide-

323 1214 441 1278 tur,
463 1206 842 1278 inseruerunt
866 1208 1111 1267 iambos.
1180 1208 1416 1269 Docent
1443 1220 1642 1270 autem
1671 1212 1756 1271 ita
1776 1213 1904 1272 fieri
1930 1213 2043 1274 hoc
2071 1236 2325 1290 carmen,
2352 1218 2402 1277 si
2432 1217 2510 1277 ad

323 1303 623 1376 senarium
648 1302 961 1364 iambicum
989 1302 1281 1364 addamus
1305 1306 1585 1377 creticon,
1633 1309 1734 1386 qui
1759 1312 2129 1390 ἀμφίμακροε,
2157 1311 2219 1390 id
2247 1326 2359 1388 est,
2390 1313 2527 1392 syl-.

322 1396 460 1458 laba
486 1397 673 1479 longa
697 1400 885 1459 brevis
912 1398 1125 1479 longa:
1167 1410 1235 1460 ut
1276 1407 1294 1436 ‘
1313 1402 1576 1477 aurifex,’
1616 1403 1730 1466 hoc
1755 1405 1934 1467 modo
1961 1427 1995 1468 ε.
2060 1455 2065 1460 .

1210 1528 1448 1577 -’----“
1479 1532 1577 1591 Dii
1604 1533 1763 1606 boni,

569 1626 722 1687 Boni
750 1625 893 1707 quid
919 1642 1089 1707 porto
1113 1646 1134 1696 ς
1174 1627 1279 1688 sed
1306 1628 1407 1689 ubi
1433 1628 1729 1689 inveniam
1757 1629 2128 1710 Pamphilum
2146 1632 2176 1692 ’ἒ

321 1723 436 1783 Et:

349 1831 371 1863 ·.
1795 1824 1992 1885 Laetus
2019 1835 2130 1896 est,

566 1917 788 1978 Nescio
814 1916 996 1997 quid:
1040 1916 1183 1976 nihil
1209 1927 1335 1978 est.
1378 1918 1644 1978 nondum
1670 1918 1801 1982 haec
1828 1921 2066 1982 rescivit
2089 1922 2267 1983 mala.

1051 1852 1521 1871 *β’-

316 2049 412 2111 Ita
434 2049 550 2111 hos
579 2067 853 2108 numeros
880 2047 1283 2128 composuisse
1310 2046 1728 2108 Archilochum
1756 2047 2082 2128 Perhibent,
2129 2045 2305 2131 atque
2332 2054 2405 2113 ab
2434 2074 2506 2115 eo

315 2154 523 2228 μέτρον
549 2146 958 2227 Ἀρχιλόχειον
986 2144 1230 2205 dictum.
1314 2144 1435 2204 Sed
1462 2144 1578 2206 hoc
1606 2163 1731 2205 11011·
1753 2157 2057 2207 servarunt
2083 2149 2313 2223 comici,
2354 2171 2507 2231 proe·

315 2247 517 2305 sertim
543 2242 755 2316 Latini,
783 2252 850 2301 ut
875 2241 1197 2302 secundam
1226 2240 1515 2322 syllabam
1536 2241 1773 2302 brevem
1795 2261 2025 2322 semper
2043 2244 2320 2319 facerent,
2344 2247 2507 2326 quod

317 2349 682 2420 praeceptum
710 2339 787 2400 de
812 2338 1029 2400 cretico
1058 2336 1313 2417 subjicit,
1334 2357 1471 2397 cum
1498 2338 1559 2396 in
1588 2338 1703 2399 hoc
1724 2357 1894 2398 versu
1924 2340 2139 2421 ubique
2166 2343 2505 2423 reperiatur,

317 2436 616 2519 dactylus,
645 2443 1006 2516 anapoestuS,
1036 2432 1376 2514 spondaeuS,
1403 2433 1723 2508 trochaeuS,
1750 2434 2089 2521 τρίβραχνςι

479 2582 711 2660 Apage,
740 2597 861 2639 non
888 2577 1085 2658 placet
1111 2595 1206 2636 me
1230 2575 1348 2637 hoc
1378 2573 1568 2637 noctis
1598 2596 1771 2637 esse:
1813 2582 2042 2639 coenavi
2066 2580 2265 2641 modo·

481 2675 644 2745 Quid
673 2677 723 2735 si
751 2693 862 2755 ego
890 2675 1052 2734 illum
1080 2673 1312 2733 tractim
1341 2682 1584 2751 tangam
1611 2684 1679 2733 ut
1705 2673 1997 2735 dormiat?
2038 2676 2379 2738 servaveris.

477 2773 838 2832 Exossatum
866 2789 933 2830 os
963 2789 1096 2831 esse
1124 2779 1377 2850 oportet,
1394 2790 1571 2850 quem
1596 2770 1778 2849 probe
1802 2772 2182 2849 percusseris.

476 2856 1244 2947 Facinusfnequiterferire
1267 2865 1484 2926 malam
1513 2866 1668 2926 male
1697 2864 1872 2927 discit
1897 2885 2128 2928 manus.

476 2963 610 3025 Illic
635 2963 813 3023 homo
840 2982 934 3023 me
961 2962 1365 3045 interpolabit,
1393 2983 1706 3043 meumque
1733 2984 1802 3025 os
1829 2964 2016 3043 finget
2043 2965 2259 3028 denuc.

316 3104 385 3164 In
413 3106 533 3165 fine
559 3124 692 3165 esse
722 3114 857 3165 ante
888 3097 1185 3180 κᾴτάληξιν
1220 3104 1397 3165 debet
1443 3091 1760 3179 trochaeus,
1805 3116 1871 3164 ut
1916 3105 2189 3167 carminis
2220 3105 2368 3167 ratio
2397 3089 2502 3189 apss

315 3211 541 3280 pareat,
570 3200 678 3261 sed
704 3201 989 3282 reperitur
1014 3210 1076 3260 et
1099 3201 1438 3282 τρίβραχυει
1483 3210 1582 3261 ut:

474 3339 639 3407 Quid
669 3340 732 3400 id
760 3340 1018 3421 exquiris
1048 3350 1138 3415 tu,
1161 3342 1263 3423 qui
1288 3342 1505 3422 pugnis
1536 3361 1604 3405 os
1630 3360 1878 3406 exossas
1903 3340 2273 3407 hominibus..

317 3452 393 3513 Et
416 3453 847 3533 Aristophanes
872 3474 887 3514 :

455 3579 539 3639 ’ss
567 3582 871 3663 σοφώτατοι
897 3584 1115 3653 θεαταὶ,
1146 3580 1307 3661 δεῦρο
1334 3583 1432 3644 τὸν
1462 3595 1596 3644 νοῦν
1623 3591 1951 3668 προσέχετε.

315 3722 489 3803 Soepe
513 3733 715 3785 autem
739 3723 1105 3804 multumque
1131 3725 1230 3785 usi
1251 3724 1411 3783 fuere
1439 3724 1554 3783 hoc
1575 3726 1829 3785 carmine
1853 3724 2226 3785 Archilochio
2250 3724 2499 3796 Comici,

314 3829 377 3880 et
417 3819 521 3880 illo
567 3820 850 3899 plurimas
873 3820 1402 3882 sermocinationes
1428 3830 1918 3898 composuerunt..
1989 3821 2082 3880 De
2111 3819 2240 3879 aliis
2271 3820 2501 3899 generi*

313 3917 422 3976 bus
451 3914 599 3995 quid
625 3915 839 3990 dicam,
886 3925 990 3978 aut
1028 3916 1328 3996 quomodo
1356 3917 1415 3976 in
1444 3916 1681 3976 Latinis.
1700 3914 2024 3977 Comoediis
2052 3914 2338 3988 indicem,.
2377 3934 2497 3974 non

312 4010 522 4072 habeo.
605 4011 736 4071 Etsi
781 4011 1054 4084 Sisenna,
1101 4013 1388 4073 referente
1418 4013 1656 4085 Rufin0,
1703 4012 2128 4091 anapaesticum
2162 4013 2499 4072 metrum-in

317 4106 634 4168 Aulularioe
662 4107 918 4188 quadam
948 4127 1130 4168 scena
1151 4128 1298 4170 ,esse
1318 4109 1486 4183 dixit,
1531 4109 1635 4169 sed
1680 4109 1982 4169 concisum
2021 4107 2124 4181 ita,
2167 4117 2233 4168 ut
2261 4125 2380 4166 non
2406 4107 2497 4164 in-

317 4203 633 4284 telligatur.
704 4204 773 4263 In
799 4204 900 4265 his.
922 4203 1101 4284 igitur
1127 4223 1237 4268 nos
1265 4205 1483 4267 frustra
1511 4215 1796 4284 torquere,
1836 4203 2162 4285 proesertim
2188 4211 2311 4264 tam
2337 4200 2494 4262 foede
