3050 4942
658 778 1269 873 ELOGIA
1368 780 2147 871 VETERUM

911 1044 1039 1110 DE
1081 1044 1298 1111 PUB.
1341 1045 1902 1112 TERENT10.†

642 1503 886 1587 Varro,
916 1505 1367 1587 Parmenone3
1414 1503 1687 1572 Nonius
1715 1506 1807 1584 in,
1837 1504 2156 1571 Poscere.

311 1585 407 1696 IN
468 1619 881 1701 argumentis
926 1616 1246 1683 Caecilius
1290 1618 1512 1701 poscit
1557 1618 1892 1701 palmam3
1947 1619 2015 1683 in
2057 1617 2316 1683 ethesin
2362 1617 2500 1683 Te-

310 1718 586 1803 rentius3
632 1721 702 1784 in
731 1720 1146 1785 sermonibus
1179 1717 1499 1784 Plautus,

368 1910 389 1957 t
417 1901 479 1954 In
497 1905 574 1955 his
585 1905 805 1970 judiciis
826 1903 1061 1972 quaedam
1085 1919 1151 1955 ne
1177 1903 1359 1955 absur-

310 1976 462 2029 ditate
474 1979 687 2047 quidem
709 1989 921 2033 carent:
958 1982 1108 2049 quale
1132 1981 1358 2032 Volcatii

308 2052 517 2121 Sedigiti
559 2057 768 2122 pridem
821 2057 991 2108 doctis
1039 2057 1205 2108 visum
1259 2064 1358 2108 est.

308 2129 322 2157 ‘
342 2131 616 2197 Elegantia
661 2133 950 2199 sermonis,'
1010 2140 1067 2185 et
1118 2134 1134 2162 ‘
1152 2132 1358 2197 mores,'

309 2219 544 2259 consensu
580 2210 911 2262 tribuuntur:
946 2211 1106 2262 etiam
1145 2218 1161 2240 ⁸
1181 2225 1265 2260 ars
1302 2216 1360 2261 et

307 2284 451 2334 metri
493 2286 803 2351 diligentia?
864 2286 928 2336 In
974 2285 991 2315 ‘
1015 2285 1357 2351 argumentis·

307 2361 423 2424 quid
446 2364 621 2415 valeat
639 2363 855 2415 subinde
877 2363 1185 2415 videbimus.
1223 2365 1359 2415 Dix-

307 2434 427 2488 imus
448 2447 625 2491 autem
649 2448 822 2504 antea,
850 2441 991 2492 aliud
1021 2439 1181 2505 vulgi,
1218 2441 1358 2492 aliud

308 2514 614 2570 eruditorum
647 2518 715 2568 (le
744 2517 924 2569 Poetis
953 2516 1211 2583 judicium
1230 2531 1360 2569 esse.

307 2589 476 2656 Certe,
512 2594 558 2645 si
578 2594 698 2661 quis
719 2596 978 2659 attendat,
999 2595 1212 2646 Horatii
1245 2609 1360 2645 ver·

307 2677 382 2715 sus
401 2669 563 2732 allati,
602 2671 748 2735 vulgi
775 2671 1105 2735 sententiam,
1137 2686 1241 2721 non
1279 2670 1359 2736 ip-

308 2740 420 2806 sius,
459 2746 649 2797 summi
679 2761 803 2798 sane
833 2748 1360 2813 Critici,exprimunt.

309 2818 435 2872 Quid
464 2822 606 2873 enim
640 2822 756 2888 ipse
778 2824 1124 2876 admiraretur
1140 2825 1194 2874 in
1215 2825 1356 2889 prin-

306 2892 415 2958 cipe
435 2896 782 2959 Comicorum,
804 2901 972 2952 noluit
993 2901 1233 2967 cuiquam
1266 2915 1354 2952 oc·

307 2972 491 3023 cultum
510 2989 647 3026 esse.
713 2976 826 3041 Ipsi
844 2977 1039 3028 eruditi
1060 2984 1261 3029 tantum
1276 2978 1355 3029 in·

311 3052 385 3097 ter
404 3065 461 3101 se
477 3066 579 3121 non
608 3053 906 3118 discrepare
942 3054 1281 3119 videbuntur,
1312 3057 1356 3107 si

308 3124 518 3191 singulos
531 3129 847 3197 intueamur,
867 3132 992 3197 quin
1012 3132 1163 3182 nnius
1197 3139 1254 3184 et
1284 3133 1356 3184 al-

308 3202 461 3254 terius
502 3205 770 3257 sententia
808 3213 1098 3258 ceterorum
1131 3208 1355 3259 auctori·

310 3281 412 3328 tate
445 3280 597 3332 obrui
639 3293 814 3347 queat.
864 3283 961 3333 ,De
992 3282 1216 3335 Horatio
1251 3283 1356 3335 dic·

309 3358 406 3403 tum
426 3363 526 3407 est:
552 3372 709 3424 quem
722 3372 824 3409 non
846 3358 996 3424 legit,
1015 3359 1354 3412 multominus

306 3429 640 3485 Terentianae
667 3435 723 3484 in
754 3450 819 3487 eo
840 3436 1155 3487 imitationes
1183 3437 1355 3488 obser·

307 3506 456 3573 vavit,
475 3510 564 3575 qui
585 3508 654 3560 ad
678 3509 997 3575 interpretes
1019 3511 1211 3562 sibihic
1232 3528 1357 3564 eun-

309 3581 419 3634 dum
434 3586 720 3638 existimat.
740 3588 915 3639 Servii
938 3589 1223 3641 auctoritas
1245 3598 1358 3641 tan-

308 3657 347 3707 ti
379 3674 478 3712 non
511 3670 618 3726 est,
648 3669 710 3713 nt
742 3666 858 3715 loco
892 3665 1108 3717 rationis
1128 3680 1240 3717 esse
1270 3667 1358 3718 ‹le-

307 3732 439 3788 beat.
501 3740 695 3791 Nonne
729 3741 867 3792 enim
897 3743 1064 3792 multa
1083 3749 1221 3807 sunt,
1243 3757 1359 3808 quae

311 3814 604 3888 eruditionis
619 3818 811 3882 potius,
826 3833 978 3885 quam
992 3819 1184 3884 judicii
1198 3818 1360 3890 facul-

312 3894 464 3942 tatem
490 3894 545 3943 in
585 3910 649 3945 eo
686 3895 1045 3949 Grammatico
1062 3900 1357 3950 testantur?

312 3964 491 4021 Fabius
515 3972 870 4025 Quintilianus
892 3976 1048 4040 pleno
1069 3974 1247 4024 laudat
1266 3989 1355 4025 ore

314 4041 637 4113 Terentium
659 4051 760 4102 nisi
783 4051 924 4119 quod
947 4051 1158 4102 incaute
1179 4050 1245 4100 (le
1266 4051 1356 4101 tri·

313 4123 482 4173 metris
489 4125 665 4178 addit:
682 4126 936 4180 refutatus
951 4126 1138 4178 merito
1152 4141 1184 4176 a
1194 4126 1358 4177 Geor·

314 4194 392 4258 tio
427 4200 679 4254 Fabricio.
743 4205 1012 4269 Ceterum,
1047 4203 1134 4269 qui
1157 4204 1359 4278 paucis·

1440 1902 1596 1953 simos
1610 1909 1869 1953 accuratae
1888 1903 2085 1954 criticae
2103 1917 2342 1962 successu
2360 1901 2501 1953 omni

1439 1994 1553 2029 aevo
1591 1979 1898 2044 praestitisse
1952 1979 2178 2042 ignorat,
2210 1978 2353 2029 illum
2393 1979 2503 2042 ple-

1439 2069 1601 2120 raque
1640 2054 1899 2105 interioris
1955 2054 2206 2105 doctrinm
2257 2053 2506 2119 mysteria

1436 2128 1642 2195 fugiant
1663 2145 1874 2182 necesse
1895 2137 1993 2181 est.
2035 2130 2158 2180 Non
2182 2127 2371 2182 sufficit
2386 2144 2503 2180 eru·

1437 2207 1587 2267 ditio,
1607 2223 1723 2274 quoe
1745 2206 2113 2258 confidentiam
2142 2220 2378 2272 persaepe
2413 2221 2504 2270 ge·

1438 2293 1623 2349 nerat;
1660 2297 1720 2338 ut
1741 2287 1857 2352 plus
1896 2286 2025 2338 satis
2063 2285 2254 2352 promti
2280 2285 2406 2348 sint,
2435 2284 2503 2335 ad

1438 2364 1894 2429 pronuntiandum,
1917 2364 2008 2430 qui
2027 2363 2271 2431 Auctoris
2293 2363 2505 2427 genium

1440 2442 1667 2492 nondum
1706 2441 2125 2506 perdidiceruntz
2162 2454 2227 2491 ne
2251 2439 2420 2493 dicam
2437 2439 2505 2489 de

1440 2517 1759 2582 pervulgatis
1802 2517 2152 2582 opinionibus,
2191 2532 2307 2583 quae
2363 2517 2503 2567 haud

1440 2609 1561 2646 raro
1594 2595 1812 2645 eximias
1836 2609 2041 2660 qnoque
2087 2601 2288 2644 mentes
2317 2594 2503 2644 dever-

1445 2677 1603 2721 tunt:
1645 2686 1765 2721 cum
1803 2670 2116 2734 praesertim,
2157 2668 2297 2734 quod
2342 2669 2504 2735 probe

1442 2747 1748 2811 notandum,
1776 2746 1844 2796 (le
1881 2746 2035 2796 Nova
2071 2746 2337 2796 Comoedia
2358 2739 2504 2811 judi-

1438 2824 1650 2888 caturis,
1692 2828 1965 2887 respectus
2019 2822 2235 2872 Veteris
2283 2822 2503 2873 subinde

1437 2900 1695 2963 obstaret,
1738 2899 2064 2964 animumque
2097 2899 2302 2950 divorse
2330 2901 2505 2951 trabe·

1436 2982 1539 3027 ret.
1582 2977 1777 3028 Dicam
1798 2976 2026 3027 iternmz
2060 2974 2300 3027 Accedat
2326 2977 2405 3027 vir
2425 2969 2505 3029 in-

1436 3055 1589 3120 genio
1611 3061 1669 3105 et
1690 3054 1929 3105 doctrina
1949 3054 2411 3119 proestantissimns
2433 3056 2504 3106 ad

1435 3129 1705 3182 ferendam
1727 3130 1882 3195 paulo
1903 3130 2216 3195 explicatius
2232 3131 2300 3181 (le
2316 3146 2503 3195 magno

1437 3208 1611 3272 aliquo
1628 3214 1683 3258 et
1699 3205 1938 3272 perfecto
1955 3221 2023 3257 ex
2036 3207 2320 3259 Veteribus
2333 3209 2504 3263 Poeta

1436 3283 1784 3335 sententiam:
1842 3282 1941 3333 nisi
1979 3282 2172 3333 iterum
2210 3284 2503 3349 iterumque

1434 3359 1701 3424 relegerit,
1710 3359 1809 3409 nisi
1821 3358 2134 3423 cogitaverit
2148 3357 2504 3424 subtilissime,

1438 3453 1501 3489 ac
1523 3439 1761 3504 exegerit
1795 3437 2000 3503 singula
2027 3437 2395 3502 attentissime,
2423 3437 2503 3488 fa·

1437 3516 1540 3567 cile
1579 3516 1716 3566 linea
1761 3514 1989 3565 excidet.
2055 3513 2387 3565 Documenta
2403 3529 2501 3565 no-

1437 3593 1608 3643 lumus
1633 3592 1748 3657 jam
1786 3590 1886 3641 nisi
1919 3605 1987 3640 ex
2024 3590 2261 3655 proximo
2300 3596 2500 3660 petere.

1440 3670 1592 3721 Sicut
1613 3669 1853 3721 acerrimi
1884 3668 1962 3718 vir
1974 3667 2168 3733 ingenii
2192 3667 2500 3718 Franciscus

1441 3747 1669 3799 Guietus
1691 3758 1860 3807 nuper
1882 3741 2179 3806 admodum,
2214 3742 2500 3792 rectissime

1439 3830 1494 3874 et
1511 3820 1809 3872 felicissime
1845 3818 2114 3883 amplexus
2145 3817 2352 3869 Afranii
2377 3831 2498 3869 sen-

1437 3898 1679 3958 tentiam,
1698 3896 1716 3924 ‘
1733 3908 1910 3945 omnes
1931 3893 2154 3944 omnium
2170 3893 2498 3944 Comicorum

1433 3974 1488 4025 in
1501 3987 1606 4024 uno
1626 3970 1873 4022 Terentio
1893 3968 2123 4019 eminere
2148 3967 2499 4033 virtutes,’ju-

1434 4049 1664 4113 dicavit;
1701 4047 1778 4098 ita
1799 4045 2073 4112 superiore
2094 4047 2310 4109 saeculo,
2336 4046 2498 4096 nolle-

1437 4142 1551 4178 mus
1585 4138 1784 4177 summo
1824 4122 1956 4189 viro,
1989 4128 2047 4173 et
2077 4122 2214 4189 quod
2237 4128 2397 4188 caput
2421 4122 2498 4173 rei

1439 4211 1537 4264 est,
1575 4198 1907 4270 κριτικυτάτῳ,
1938 4199 2079 4253 Julio
2130 4197 2393 4264 Scaligero
2432 4212 2497 4250 ea
