3050 4942
1129 391 1226 440 nn
1274 390 1686 441 masurio.
2375 377 2509 443 259

308 539 545 618 fuisse,
588 539 647 604 si
678 539 915 604 Latine
953 537 1135 621 loqui
1165 535 1447 603 vellent:
1491 536 1658 603 licet
1686 533 2035 602 Caecilium
2061 536 2374 605 laudibus
2416 540 2511 604 fe-

311 648 497 707 rant:
547 641 712 706 licet
756 639 1054 705 Terentii
1101 640 1359 723 scripta
1405 638 1494 704 ad
1540 638 1932 724 Scipionem
1976 638 2364 706 Africanum
2408 662 2511 707 re-

312 744 652 808 ferantur:
725 761 880 826 quae
931 749 1159 807 tamen
1207 746 1366 807 sunt
1406 742 1478 806 in
1523 741 1654 807 hoc
1704 760 1944 824 genere
1991 742 2511 826 elegantissima,

246 860 260 865 ·
313 853 381 912 et
422 846 578 930 plus
627 845 853 911 adhuc
894 844 1209 910 habitura
1265 846 1521 932 gratiae,
1577 845 1638 909 si
1683 844 1857 911 intra
1900 865 2135 913 versus
2180 848 2512 913 trimetros

318 949 681 1019 stetissent.

749 1067 942 1133 Idem
973 1068 1347 1134 Declamat.
1380 1085 1489 1133 ix.
1518 1069 1663 1135 sive
1693 1066 2075 1134 Gladiator.

403 1188 818 1266 Terentium,
850 1205 1055 1270 quem
1080 1187 1253 1252 inter
1280 1193 1545 1253 ceteros
1577 1187 1913 1272 captivos,
1939 1186 2238 1253 secundo
2260 1186 2519 1253 Punico

321 1291 519 1369 bello,
546 1290 779 1375 Scipio
807 1288 1169 1355 Africanus
1199 1290 1489 1356 vinculis
1518 1288 1928 1368 exsolverat,
1959 1289 2292 1355 memoriae
2319 1289 2522 1355 tradi-

322 1391 478 1458 dere
506 1392 816 1479 majoreS,
857 1393 1118 1475 insigne
1159 1398 1453 1476 receptae
1497 1392 1826 1458 libertatis
1854 1391 2035 1476 pileo
2062 1389 2409 1457 testantem
2453 1393 2522 1455 in

323 1495 651 1579 triumpho
681 1496 874 1562 ducis
902 1516 1056 1561 esse
1086 1503 1555 1581 conspectum.

973 1648 1263 1729 Plinius,
1290 1649 1407 1716 lib.
1439 1665 1489 1714 1.
1522 1649 1745 1733 Epist.
1775 1647 1883 1712 16.

416 1765 611 1848 Legit
651 1767 813 1832 mihi
860 1787 1070 1852 nuper
1116 1768 1464 1852 epistolaS,
1517 1787 1689 1851 quas
1734 1766 1965 1831 uxoris
2008 1785 2162 1829 esse
2220 1763 2524 1830 dicebat:

332 1866 648 1933 Plautum
677 1870 790 1935 vel
817 1869 1202 1936 Terentium
1228 1876 1437 1936 metro
1469 1870 1757 1935 solutum
1784 1869 1917 1952 legi
1947 1867 2226 1933 credidi.

907 2020 994 2086 Α.
1025 2021 1309 2104 Gellius,
1338 2025 1456 2090 lib.
1491 2038 1624 2087 vu.
1658 2043 1813 2106 cap.
1843 2022 1946 2085 14.

422 2136 605 2204 Vera
634 2145 856 2205 autem
883 2146 952 2205 et
978 2142 1252 2225 propria
1293 2139 1675 2227 hujusmodi
1720 2139 2073 2206 formarum
2108 2133 2423 2220 exempla
2464 2134 2532 2198 in

340 2242 583 2307 Latina
606 2242 840 2325 lingua
864 2243 1202 2309 M..Varro
1229 2264 1376 2308 esse
1401 2243 1592 2322 dicit,
1626 2243 1945 2308 ubertatis
1962 2239 2362 2316 Pacuvium,
2391 2256 2534 2320 gra·

343 2344 618 2410 cilitatis
646 2343 1000 2426 Lucilium,
1025 2347 1514 2416 mediocritatis
1538 2346 1944 2412 Terentium.

997 2463 1213 2543 Idem,
1254 2464 1376 2530 lib.
1409 2479 1542 2531 vu.
1588 2485 1738 2549 cap.
1769 2465 1879 2532 21.

430 2578 675 2664 Neque
703 2601 944 2665 magno
974 2582 1321 2648 intervallo
1350 2588 1593 2668 postea
1623 2582 1709 2663 Q.
1744 2583 2019 2659 Ennius»,
2050 2589 2122 2647 et
2157 2576 2537 2665 juxta‘Cae·

348 2682 543 2748 cilius
573 2689 642 2748 et
666 2683 1041 2765 Terentius,
1087 2705 1169 2749 ac
1201 2684 1489 2749 subinde
1530 2684 1911 2749 Pacuvius:
1958 2688 2025 2747 et
2053 2679 2356 2746 Pacuvio
2390 2678 2542 2761 jam

351 2803 504 2850 sene
533 2783 810 2865 AcciuS,
838 2787 1212 2870 clariorque
1244 2793 1405 2851 tunc
1446 2787 1514 2851 in
1542 2785 1882 2870 poematis
1925 2803 2147 2848 eorum
2175 2782 2542 2846 obtrectan-

352 2885 454 2951 dis
481 2888 783 2954 Lucilius
804 2889 953 2956 fuit.

730 3041 1106 3121 AusoniuS,
1136 3043 1207 3109 in
1237 3005 1666 3126 Protreptico
1695 3039 1780 3104 ad
1812 3037 2172 3121 Nepotem.

524 3157 635 3222 Tu
662 3179 932 3244 quoque
961 3161 1075 3245 qui
1099 3162 1369 3227 Latium
1394 3162 1573 3228 lecto
1602 3178 1933 3236 sermone,
1962 3155 2257 3234 Terenti,

530 3260 767 3327 Comis
795 3269 862 3327 et
888 3264 1156 3330 astricto
1184 3266 1519 3348 percurris
1547 3263 1822 3349 pulpita
1852 3279 2083 3339 socco,

527 3362 641 3429 Ad
668 3384 845 3431 nova
874 3365 995 3432 vix
1021 3386 1378 3433 memorem
1405 3366 1710 3432 diverbia
1739 3384 1910 3447 coge
1943 3366 2311 3428 senectam.

861 3512 1170 3580 Lactant.
1215 3514 1300 3579 de
1344 3512 1550 3579 Falsa
1593 3513 1759 3595 Sap.
1802 3529 1955 3595 cap.
1983 3509 2048 3573 4.

446 3629 670 3695 Nemo
714 3637 944 3715 potest
989 3633 1073 3698 de
1123 3655 1198 3699 se
1240 3640 1417 3699 recte
1453 3633 1783 3718 judicare,
1827 3627 2010 3713 quod
2051 3624 2296 3691 nobilis
2341 3618 2552 3705 poeta

365 3738 688 3800 testatur:
744 3734 857 3799 Ita
908 3735 1083 3800 enim
1133 3740 1590 3820 comparatam
1639 3751 1791 3797 esse
1841 3729 2179 3796 hominum
2225 3730 2551 3798 naturam,

368 3839 486 3900 διο.

1050 3938 1386 4005 Eusebius
1413 3939 1491 4003 in·
1514 3936 1868 4004 Chronico.

453 4072 813 4138 Ptolomaei
846 4088 944 4135 v1.
972 4074 1046 4148 id
1074 4080 1199 4153 est,
1245 4070 1729 4139 Philometoris
1769 4086 1971 4151 regno
2001 4064 2293 4132 decessit
2323 4061 2402 4125 P.
2425 4060 2554 4124 Te·

370 4176 646 4254 rentiuS,
696 4194 829 4258 quo
872 4180 1164 4260 tempore
1205 4176 1656 4255 Aristarchus,
1703 4170 2226 4238 Homericorum
2269 4164 2383 4233 ille
2413 4182 2555 4229 ver·

376 4299 571 4347 suum
601 4296 861 4359 censor,
891 4277 1134 4349 floruit.
