3050 4942
662 350 712 400 A
757 349 1144 400 ranan-mo
1193 349 1484 402 numa
1530 349 2153 406 munatium.
2380 341 2511 410 115

318 492 536 570 Οἷμοιῑ
580 492 643 553 τὸ
672 499 788 573 γάρ
816 497 972 573 ἄφνω
1000 492 1303 575 δυστυχεῖν
1328 500 1544 575 μανίαν
1568 503 1740 557 ποιεῖ.

322 590 442 649 Hei
469 589 634 663 mihi,
660 601 728 651 ut
754 592 1123 672 repentinum
1150 592 1531 653 infortunium
1560 593 1849 655 insaniam
1877 596 2064 677 parit!

1143 739 1277 799 Act.
1312 759 1389 800 11.
1434 740 1537 801 Sc.
1564 761 1675 803 111.

324 867 342 895 ‘
369 859 640 918 Fratrem
666 859 890 919 homini
920 860 1136 920 nemini
1164 861 1337 922 esse.’
1379 863 1711 923 Menander
1738 884 1754 925 ε

314 955 545 1025 ‘nahah
576 961 629 1031 γ’
658 958 723 1016 ἐν
749 956 1008 1037 ἀδελφοῖς
1035 960 1191 1017 ἐστιν
1216 960 1479 1035 ὁμονοίας
1499 960 1650 1037 ἔρως.

318 1054 517 1121 Quam
534 1053 849 1136 jucundus·
869 1064 964 1115 est
989 1055 1141 1116 inter
1168 1055 1376 1116 fratres
1405 1056 1740 1117 concordias
1769 1051 1951 1118 amai.

1154 1195 1289 1256 Act.
1321 1214 1433 1257 111.
1475 1193 1574 1258 Sc.
1605 1216 1685 1260 11.

319 1314 339 1342 ‘
369 1307 530 1377 Quid
558 1307 767 1369 eredas
787 1306 954 1387 jam?
995 1318 1099 1368 ant
1124 1308 1222 1368 cui
1250 1307 1501 1370 eredas?
1521 1311 1537 1338 ’
1576 1307 1947 1371 Menander:

315 1404 422 1478 Μὴ
448 1408 640 1466 πάντα
666 1417 836 1483 πειρῶ
863 1412 1003 1464 πᾶσι
1032 1406 1315 1466 πιστεύειν
1339 1409 1453 1466 ἀεί.

322 1502 646 1564 Credenda
672 1504 899 1565 cunctis
925 1524 1056 1564 esse
1080 1513 1299 1565 cuncta
1324 1524 1400 1565 ne
1427 1515 1591 1586 puta.

1155 1652 1290 1713 Act.
1319 1667 1431 1711 111.
1473 1651 1573 1714 Se.
1605 1670 1699 1712 ιν.

326 1775 345 1805 ‘
364 1759 543 1841 Quod
572 1793 678 1833 vos
697 1774 784 1835 vis
812 1771 1011 1855 cogit,
1038 1777 1153 1833 διο.
1181 1770 1337 1834 Vide
1355 1772 1553 1833 locum
1577 1769 1913 1848 Menandri,
1940 1794 2115 1875 quem
2142 1774 2240 1837 hic
2261 1786 2319 1838 et
2337 1759 2514 1859 supra

409 1872 705 1948 expressit
730 1868 808 1930 ad
838 1868 1245 1932 Heautontim.
1286 1869 1424 1932 Act.
1451 1887 1531 1929 11.
1575 1869 1675 1931 Se.
1708 1887 1819 1935 111.

1181 2015 1672 2077 Aet.1V.Sc.v.

330 2119 350 2146 ‘
372 2113 595 2173 Tacet.’
639 2112 1002 2172 Menander:

328 2197 585 2270 Πολλοῖς
608 2213 892 2287 ἀπόκρισις
920 2212 953 2280 ἦ
985 2212 1161 2280 σιωπὴ
1188 2210 1482 2289 τυγχάνει.

332 2306 511 2386 Apud
538 2305 760 2366 multos
788 2304 1084 2366 silentium
1111 2303 1243 2364 loco
1268 2305 1671 2384 responsionis
1700 2317 1812 2367 est.

334 2409 354 2436 ‘
378 2402 649 2475 Erubuit,
676 2403 841 2463 salva
866 2421 960 2461 res
989 2403 1123 2462 est.'
1165 2402 1531 2464 Menander:

315 2500 632 2579 Ἐρυθριῶν
658 2507 765 2560 πᾶς
790 2499 1025 2580 χρηστὸς
1052 2497 1204 2557 εἶναι’
1228 2524 1326 2577 μοι
1349 2498 1525 2561 δοκεῖ.

335 2596 452 2665 Qui
477 2597 732 2669 erubuit,
759 2615 892 2656 esse
919 2596 1062 2655 mihi
1086 2591 1317 2656 videtur
1343 2597 1431 2658 vir
1458 2600 1673 2658 bonus.

335 2699 351 2727 ‘
371 2694 469 2752 An
496 2691 704 2753 sedere
733 2693 990 2772 oportuit
1013 2691 1172 2751 domi
1200 2692 1479 2771 virginem
1505 2703 1628 2752 tam
1657 2691 1985 2771 grandem?
2007 2693 2021 2718 ’
2061 2691 2421 2761 Menander:

331 2789 608 2868 Θυγτάηρ
635 2791 932 2870 ἐπίγαμος,
962 2790 1072 2848 κᾶν
1097 2790 1237 2847 ὅλως
1260 2785 1440 2867 μηδὲν
1465 2792 1641 2869 λαλῇ,

335 2886 447 2944 Διὰ
473 2893 572 2946 τοῦ
600 2890 819 2962 σιωπᾷν
845 2889 1087 2945 πλεῖστα
1118 2886 1242 2961 περὶ
1271 2884 1435 2953 αὑτῆς
1462 2885 1646 2959 λέγει.

337 2981 493 3041 Filia
518 2980 760 3054 nubilis,
786 2980 900 3041 etsi
926 2978 1101 3059 plane
1130 2977 1275 3037 nihil
1304 2977 1602 3059 loquatur,

338 3078 479 3159 Ipso
507 3089 707 3137 tamen
737 3077 969 3137 silentio
988 3073 1305 3156 plurimum
1332 3073 1408 3137 de
1438 3096 1501 3136 se
1525 3073 1830 3156 praedicat.

338 3175 627 3235 ‘Menses
657 3175 924 3234 abierunt
952 3150 1178 3234 decem.
1181 3174 1196 3201 '
1236 3169 1567 3236 Menander
1593 3169 1831 3234 Plotio.
1816 3192 1830 3205 ·

341 3270 493 3341 Γυνὴ
522 3273 641 3332 κύει
666 3269 987 3352 δεκάμηνος.

346 3368 582 3440 Mulier,
609 3378 926 3446 postquam
952 3366 1245 3445 concepit,
1272 3385 1534 3426 mensem
1561 3367 1688 3447 agit
1714 3366 2023 3440 decimum.

346 3464 711 3525 ‘Dormienti
741 3464 1113 3524 confecturos
1144 3462 1349 3522 Deos?
1389 3461 1751 3524 Menander.

345 3560 655 3641 Αὔτόματα
683 3565 793 3639 γὰρ
818 3566 890 3621 τά
916 3561 1199 3640 πράγματ’
1223 3562 1315 3619 ἐπὶ
1338 3561 1402 3620 τὸ
1430 3567 1710 3641 συμφέρον

343 3657 477 3731 Ῥεῖ,
508 3659 616 3718 κᾶν
644 3646 977 3739 καθευδὴσῃ,
1006 3659 1183 3717 πάλιν
1209 3660 1505 3720 τάναντία.

353 3755 572 3834 Sponte
602 3774 712 3815 sua
738 3775 875 3817 nam
900 3773 993 3813 res
1033 3753 1109 3813 ad
1136 3769 1309 3813 usum
1334 3761 1614 3819 manant:
1670 3751 1782 3817 sed
1818 3763 1897 3826 et,
1945 3750 2085 3817 dum
2113 3750 2245 3832 quis
2290 3750 2523 3825 dormit,

375 3901 382 3909 .
424 3871 652 3912 rursum
677 3851 1010 3912 contrariae.

1184 3965 1317 4024 Act.
1345 3984 1409 4026 v.
1455 3964 1553 4026 Sc.
1580 3982 1689 4022 111.

349 4087 366 4114 ⁴
394 4077 744 4137 Communia
769 4096 900 4138 esse
929 4076 1249 4138 amicornm
1285 4076 1437 4137 inter
1486 4094 1552 4137 se
1596 4072 1834 4136 omnia?
1894 4049 2227 4137 Menander
2253 4072 2312 4132 in
2345 4069 2523 4139 Adel-

429 4175 579 4258 phis,
612 4177 856 4234 Erasmo
882 4174 1136 4237 citante:
1223 4181 1227 4185 '
2368 4193 2371 4194 ⁷
