3050 4942
494 385 582 453 89
1395 398 1807 449 PRAEFA'rto.

496 565 650 633 qnae
681 563 1028 611 assensum
1052 544 1168 610 vel
1194 542 1894 612 dissensum'Bentleii
1919 550 2224 629 respectu
2253 542 2340 610 ad
2373 546 2552 613 hunc
2575 566 2693 611 co-

498 650 714 715 dicem
735 649 960 714 habito
988 647 1304 725 indicant,
1336 648 1612 731 patebit.
1671 648 2122 732 Interpunctio
2153 649 2513 713 verborum
2543 670 2701 734 pas·

500 754 630 819 sim
658 751 1007 834 singularis
1037 757 1167 828 est,
1207 770 1417 834 neque
1463 751 1643 829 talis,
1689 758 1765 817 ut
1805 752 2086 835 vulgari,
2127 771 2332 835 quam
2364 751 2700 817 editiones

500 874 643 939 prae
674 874 748 917 se
777 852 1015 930 ferunt,
1049 853 1423 918 antecellat.
1513 852 1720 917 Haud
1751 874 1969 938 pauca
1997 856 2202 919 etiam
2232 852 2497 918 laudari
2542 874 2702 938 pos·

500 962 659 1021 sunt
700 956 875 1033 loca,
919 956 1034 1021 abi
1081 955 1299 1021 codex
1344 955 1553 1021 verba
1594 956 1834 1023 melius
1876 955 2207 1033 distinxit,
2258 974 2341 1020 ac
2382 956 2455 1020 in
2501 956 2704 1021 editis

501 1059 754 1125 factum
781 1064 906 1123 est.

590 1160 1001 1244 Priusquam
1042 1163 1272 1225 autem
1319 1158 1407 1224 ad
1460 1158 1785 1223 edendum
1831 1161 2009 1225 hunc
2040 1161 2426 1226 thesaurum
2453 1180 2558 1225 me
2588 1180 2704 1225 ac·-

505 1265 858 1347 cingerem,
902 1262 987 1327 de
1030 1262 1304 1327 invento
1344 1260 1609 1338 codice,
1652 1280 1936 1346 meoque
1966 1262 2271 1341 consilio,
2313 1263 2479 1327 bene
2506 1262 2589 1326 de
2616 1281 2704 1326 eo

505 1366 827 1443 merendi,
873 1364 1222 1431 certiorem
1252 1362 1386 1428 feci
1414 1363 1632 1427 virum
1660 1363 1855 1446 longe
1885 1364 2410 1430 eruditissimum
2441 1370 2512 1429 et
2536 1365 2707 1428 cele-

505 1470 882 1546 berrimum,
927 1467 1394 1550 Boettigerum,
1436 1485 1640 1549 quem
1696 1466 1859 1531 olim
1912 1487 2153 1534 novam
2210 1467 2511 1532 Terentii
2564 1464 2707 1530 edi-

506 1574 755 1638 tionem
810 1570 1199 1637 meditatum
1255 1588 1411 1633 esse
1466 1587 1827 1651 noveram3
1870 1570 2167 1654 mihique
2225 1576 2301 1634 ut
2350 1568 2709 1633 consilium

509 1693 707 1739 suum
733 1692 859 1758 pro
889 1692 994 1751 ea,
1037 1691 1170 1757 qua
1201 1692 1309 1737 me
1348 1670 1495 1756 jam
1524 1671 1777 1737 dudum
1806 1673 2163 1756 amplexus
2191 1679 2357 1749 erat,
2402 1670 2709 1736 amicitia

506 1776 782 1859 benigne
809 1776 1198 1859 impertiret,
1224 1775 1487 1859 rogavi.
1577 1774 1916 1840 Laudavit
1944 1776 2047 1839 vir
2076 1793 2368 1839 summus
2395 1772 2711 1857 proposi-

507 1883 650 1942 tum
680 1897 922 1955 meum,
951 1883 1018 1942 et
1040 1877 1405 1961 instigavit,
1434 1882 1531 1956 ut,
1562 1896 1713 1960 quae
1733 1877 1929 1942 bonis
1958 1877 2168 1941 literis
2198 1875 2521 1960 prodesse
2549 1895 2710 1959 pos-

509 1987 674 2058 sent,
716 1980 979 2044 interire
1023 1998 1154 2044 non
1184 1981 1488 2044 sinerem.
1579 1978 1790 2058 Quin,
1839 1979 1927 2044 ad
1969 1978 2424 2045 adornandam
2468 1978 2710 2043 editio-

507 2101 679 2160 nem,
722 2083 898 2146 ultro
946 2080 1198 2145 obtulit
1249 2080 1531 2148 Dictata
1577 2079 1732 2145 viri
1754 2080 2164 2145 celeberrimi
2212 2078 2593 2145 Ruhnkenii
2640 2080 2710 2143 in

435 2217 442 2225 ·
508 2182 893 2249 Terentium
937 2181 1407 2267 manuscripta,
1453 2201 1610 2265 quae
1654 2182 1757 2247 vir
1801 2182 2241 2247 doctissimus
2289 2179 2710 2246 Christianus

510 2283 904 2350 Lndovicus
947 2284 1151 2361 Lenz‚
1206 2283 1496 2348 director
1545 2282 1902 2367 Gymnasii
1953 2282 2374 2349 vinariensis
2424 2282 2712 2349 meritis·

511 2389 746 2466 simus,
788 2405 876 2451 ex
918 2385 1338 2451 bibliotheca
1381 2385 1608 2451 fratris
1655 2387 1784 2464 sui,
1834 2384 2069 2452 Caroli
2102 2385 2486 2463 Gottholdi,
2538 2383 2710 2449 Pro·

509 2489 789 2555 sessoris
818 2487 1117 2554 Gothani
1161 2490 1408 2555 mortui
1458 2509 1521 2554 a.
1567 2487 1762 2554 1809.
1805 2488 1960 2573 jure
2002 2489 2427 2554 haereditario
2476 2487 2711 2571 acqui-

512 2590 646 2657 sita
698 2589 859 2656 olim
915 2590 1284 2672 Boettigero
1338 2597 1572 2677 mutua
1621 2590 1924 2670 dederat,
1966 2596 2035 2656 et
2082 2612 2261 2658 nunc
2310 2591 2589 2671 Halam,
2629 2595 2712 2653 ut

509 2712 664 2759 mea
687 2711 851 2759 cura
876 2691 1252 2771 ederentur,
1298 2692 1653 2757 transmitti
1681 2701 2129 2759 concesserat.

598 2794 785 2861 Inter
814 2799 1121 2862 auctores
1149 2795 1454 2871 LatinoS,
1497 2813 1671 2880 quos
1700 2795 1773 2860 in
1803 2795 2055 2861 scholis
2089 2796 2233 2862 suis
2263 2795 2711 2861 Ruhnkenius

512 2899 847 2976 tractavit,
919 2898 1133 2981 primo
1183 2897 1338 2963 loco
1389 2900 1476 2963 ab
1532 2900 2031 2981 elegantissimo
2082 2900 2271 2965 Vitae
2331 2897 2714 2964 Ruhnkenii

512 3001 832 3085 scriptore
886 2998 1409 3082 Wyttenbachio
1455 3004 1549 3080 (v.
1596 3000 1779 3066 Vitae
1823 3001 1905 3065 Τ.
1960 3000 2450 3068 Hemsterhusii
2493 3007 2562 3065 et
2625 3001 2710 3064 D.

515 3099 902 3166 Ruhnkenii
955 3100 1144 3185 Lips.
1192 3099 1389 3167 1801.
1438 3121 1508 3185 p.
1558 3103 1738 3181 127.)
1782 3103 2137 3169 adducitur
2178 3103 2583 3181 Terentius3
2643 3109 2713 3164 et

514 3208 535 3237 ‘
566 3202 1002 3268 Terentianas
1053 3203 1321 3269 scholas
1370 3224 1447 3270 se
1470 3224 1715 3288 magno
1743 3225 1898 3271 cum
1929 3206 2250 3273 doctrinae
2279 3204 2497 3269 fructu
2523 3202 2714 3268 audi-

512 3304 702 3370 visse
720 3302 741 3331 ’
783 3308 1093 3384 testatur,
1138 3309 1161 3340 ‘
1187 3311 1267 3372 ut
1307 3312 1448 3372 tum
1487 3307 1758 3374 demum
1784 3309 1856 3373 in
1883 3310 2009 3374 hoc
2037 3328 2269 3392 genere
2297 3305 2556 3372 discere
2581 3305 2716 3370 sibi
2839 3334 2844 3338 ·

512 3406 867 3485 videretur,
909 3415 1236 3490 quantum
1265 3427 1405 3475 aera
1430 3408 1762 3476 distarent
1790 3410 2091 3495 lupinis}
2118 3413 2241 3477 διο.
2332 3410 2561 3490 Quam
2592 3427 2713 3471 au·

515 3513 654 3573 tem
694 3508 1021 3574 rationem
1064 3508 1135 3573 in
1184 3508 1315 3586 hin,
1358 3532 1511 3595 quae
1553 3532 1730 3577 nunc
1778 3512 2127 3597 prodeunt,
2173 3511 2713 3578 annotationibus

517 3608 958 3677 Ruhnkenius
999 3611 1244 3690 inierit,
1288 3612 1470 3677 idem
1497 3613 2062 3698 Wyttenbachius
2103 3614 2432 3684 indicavit
2460 3633 2534 3697 p.
2564 3613 2714 3677 126.

515 3716 536 3745 ‘
554 3709 669 3778 Ad
696 3713 883 3778 locos
912 3714 1026 3778 vel
1050 3711 1362 3779 difficiles
1390 3715 1496 3779 vel
1519 3716 1992 3782 memorabiles
2011 3713 2030 3742 '
2074 3722 2416 3788 auctorum
2446 3714 2716 3780 Latino-

514 3832 665 3878 rum
687 3832 729 3879 a
757 3813 1162 3883 Ruhnkenio
1184 3815 1253 3880 in
1280 3816 1831 3900 praelectionibus
1860 3817 2338 3882 illustratorum
2367 3822 2389 3852 ‘
2407 3815 2716 3882 dictabat

518 3916 992 3982 annotationes
1021 3919 1264 3982 breves
1292 3918 1563 4001 quidem
1589 3918 1772 3998 illas»,
1816 3917 1935 3983 sed
1962 3919 2166 3984 bonae
2194 3919 2400 4001 frugis
2428 3915 2714 4002 plenas.'

517 4014 743 4098 Atque
768 4015 878 4085 hae
925 4016 1393 4085 annotationes
1436 4022 1459 4053 ‘
1484 4018 1739 4085 dictata
1761 4018 1781 4046 '
1821 4027 2156 4087 vocantur
2180 4021 2272 4085 ab
2297 4019 2451 4103 ipso
2483 4018 2715 4084 Ruhn-

517 4116 724 4184 kenio
768 4120 855 4185 ad
900 4120 1148 4186 Heant.
1182 4138 1298 4186 111.
1326 4121 1395 4189 3.
1421 4121 1532 4187 ΞΒ.
1577 4120 1756 4188 Hec.
1801 4137 1853 4185 ι.
1880 4122 2084 4189 2.·78.
2174 4120 2469 4186 Multum
2512 4121 2717 4203 igitur
2790 4186 2794 4189 ,

520 4218 898 4293 ὀίίῖαῠιιῐά
922 4224 1119 4304 notis,
1160 4242 1332 4312 quas
1361 4223 1709 4290 auditores
1734 4243 1824 4293 ex
1853 4244 1969 4290 ore
2011 4222 2409 4308 professoris
2453 4222 2715 4290 calamo
