<?xml version="1.0" encoding="UTF-8"?>
<!DOCTYPE html PUBLIC "-//W3C//DTD XHTML 1.0 Transitional//EN"
    "http://www.w3.org/TR/xhtml1/DTD/xhtml1-transitional.dtd">
<html xmlns="http://www.w3.org/1999/xhtml" xml:lang="en" lang="en">
 <head>
  <title>
</title>
<meta http-equiv="Content-Type" content="text/html;charset=utf-8" />
  <meta name='ocr-system' content='tesseract 3.04.00' />
  <meta name='ocr-capabilities' content='ocr_page ocr_carea ocr_par ocr_line ocrx_word'/>
</head>
<body>
  <div class='ocr_page' id='page_1' title='image "./comoedisex00unkngoog_0162.png"; bbox 0 0 3050 4942; ppageno 0'>
   <div class='ocr_carea' id='block_1_1' title="bbox 499 350 2133 417">
    <p class='ocr_par' dir='ltr' id='par_1_1' title="bbox 499 350 2133 417">
     <span class='ocr_line' id='line_1_1' title="bbox 499 350 2133 417; baseline -0.003 0"><span class='ocrx_word' id='word_1_1' title='bbox 499 350 625 417; x_wconf 80' lang='lat'>162</span> <span class='ocrx_word' id='word_1_2' title='bbox 1092 364 1360 415; x_wconf 71' lang='lat' dir='ltr'>sumus</span> <span class='ocrx_word' id='word_1_3' title='bbox 1407 362 1664 415; x_wconf 70' lang='lat' dir='ltr'>cAEsAR</span> <span class='ocrx_word' id='word_1_4' title='bbox 1708 362 2086 412; x_wconf 61' lang='lat' dir='ltr'>scabrosa</span> <span class='ocrx_word' id='word_1_5' title='bbox 2126 369 2133 376; x_wconf 95' lang='lat'>·</span> 
     </span>
    </p>
   </div>
   <div class='ocr_carea' id='block_1_2' title="bbox 491 505 2705 1653">
    <p class='ocr_par' dir='ltr' id='par_1_2' title="bbox 491 505 2705 1653">
     <span class='ocr_line' id='line_1_2' title="bbox 494 505 2686 588; baseline -0.002 -16"><span class='ocrx_word' id='word_1_6' title='bbox 494 527 701 572; x_wconf 83' lang='lat' dir='ltr'>versus</span> <span class='ocrx_word' id='word_1_7' title='bbox 730 517 834 570; x_wconf 89' lang='lat' dir='ltr'>aut</span> <span class='ocrx_word' id='word_1_8' title='bbox 859 507 1054 588; x_wconf 86' lang='lat' dir='ltr'>ipsum</span> <span class='ocrx_word' id='word_1_9' title='bbox 1099 506 1428 587; x_wconf 77' lang='lat' dir='ltr'>disjecisse,</span> <span class='ocrx_word' id='word_1_10' title='bbox 1473 515 1580 566; x_wconf 88' lang='lat' dir='ltr'>aut</span> <span class='ocrx_word' id='word_1_11' title='bbox 1621 505 1866 567; x_wconf 86' lang='lat' dir='ltr'>aliorum</span> <span class='ocrx_word' id='word_1_12' title='bbox 1915 507 2144 567; x_wconf 89' lang='lat' dir='ltr'>incuria</span> <span class='ocrx_word' id='word_1_13' title='bbox 2191 505 2416 567; x_wconf 87' lang='lat' dir='ltr'>solutos</span> <span class='ocrx_word' id='word_1_14' title='bbox 2442 514 2686 587; x_wconf 71' lang='lat' dir='ltr'>prseter-</span> 
     </span>
     <span class='ocr_line' id='line_1_3' title="bbox 496 603 2686 689; baseline -0.002 -21"><span class='ocrx_word' id='word_1_15' title='bbox 496 609 639 672; x_wconf 84' lang='lat' dir='ltr'>isse.</span> <span class='ocrx_word' id='word_1_16' title='bbox 724 605 823 666; x_wconf 88' lang='lat' dir='ltr'>Sic</span> <span class='ocrx_word' id='word_1_17' title='bbox 851 605 1008 666; x_wconf 89' lang='lat' dir='ltr'>enim</span> <span class='ocrx_word' id='word_1_18' title='bbox 1034 605 1273 689; x_wconf 78' lang='lat' dir='ltr'>legendi</span> <span class='ocrx_word' id='word_1_19' title='bbox 1306 613 1485 666; x_wconf 78' lang='lat' dir='ltr'>sunt:</span> <span class='ocrx_word' id='word_1_20' title='bbox 1545 611 1562 641; x_wconf 89' lang='lat'>‘</span> <span class='ocrx_word' id='word_1_21' title='bbox 1585 604 1739 673; x_wconf 90' lang='lat' dir='ltr'>Quid</span> <span class='ocrx_word' id='word_1_22' title='bbox 1775 604 1956 664; x_wconf 86' lang='lat' dir='ltr'>tristis</span> <span class='ocrx_word' id='word_1_23' title='bbox 1985 603 2098 667; x_wconf 59' lang='lat' dir='ltr'>esf!</span> <span class='ocrx_word' id='word_1_24' title='bbox 2161 605 2382 683; x_wconf 79' lang='lat' dir='ltr'>rogitas</span> <span class='ocrx_word' id='word_1_25' title='bbox 2422 624 2537 677; x_wconf 87' lang='lat' dir='ltr'>me,</span> <span class='ocrx_word' id='word_1_26' title='bbox 2582 606 2686 665; x_wconf 88' lang='lat' dir='ltr'>ubi</span> 
     </span>
     <span class='ocr_line' id='line_1_4' title="bbox 503 700 2684 782; baseline -0 -18"><span class='ocrx_word' id='word_1_27' title='bbox 503 704 677 764; x_wconf 87' lang='lat' dir='ltr'>nobis</span> <span class='ocrx_word' id='word_1_28' title='bbox 706 702 1023 763; x_wconf 89' lang='lat' dir='ltr'>AEschinus</span> <span class='ocrx_word' id='word_1_29' title='bbox 1068 702 1213 776; x_wconf 89' lang='lat' dir='ltr'>Siet,</span> <span class='ocrx_word' id='word_1_30' title='bbox 1242 703 1385 782; x_wconf 91' lang='lat' dir='ltr'>quid</span> <span class='ocrx_word' id='word_1_31' title='bbox 1415 702 1597 762; x_wconf 85' lang='lat' dir='ltr'>tristis</span> <span class='ocrx_word' id='word_1_32' title='bbox 1626 721 1739 780; x_wconf 91' lang='lat' dir='ltr'>ego</span> <span class='ocrx_word' id='word_1_33' title='bbox 1769 702 1876 761; x_wconf 88' lang='lat' dir='ltr'>sim</span> <span class='ocrx_word' id='word_1_34' title='bbox 1900 702 1925 759; x_wconf 73' lang='lat'><em>2</em></span> <span class='ocrx_word' id='word_1_35' title='bbox 1964 701 2164 761; x_wconf 86' lang='lat' dir='ltr'>dixine</span> <span class='ocrx_word' id='word_1_36' title='bbox 2192 701 2307 762; x_wconf 90' lang='lat' dir='ltr'>hoc</span> <span class='ocrx_word' id='word_1_37' title='bbox 2334 700 2499 761; x_wconf 70' lang='lat' dir='ltr'>fore?</span> <span class='ocrx_word' id='word_1_38' title='bbox 2540 702 2684 781; x_wconf 87' lang='lat' dir='ltr'>quid</span> 
     </span>
     <span class='ocr_line' id='line_1_5' title="bbox 493 797 2682 879; baseline -0.004 -15"><span class='ocrx_word' id='word_1_39' title='bbox 493 801 545 864; x_wconf 87' lang='lat' dir='ltr'>is</span> <span class='ocrx_word' id='word_1_40' title='bbox 578 799 789 861; x_wconf 73' lang='lat' dir='ltr'>Fecit?</span> <span class='ocrx_word' id='word_1_41' title='bbox 828 800 973 879; x_wconf 90' lang='lat' dir='ltr'>quid</span> <span class='ocrx_word' id='word_1_42' title='bbox 999 798 1098 859; x_wconf 88' lang='lat' dir='ltr'>ille</span> <span class='ocrx_word' id='word_1_43' title='bbox 1126 800 1370 859; x_wconf 73' lang='lat' dir='ltr'>fecerit?</span> <span class='ocrx_word' id='word_1_44' title='bbox 1412 819 1587 879; x_wconf 91' lang='lat' dir='ltr'>quem</span> <span class='ocrx_word' id='word_1_45' title='bbox 1610 819 1800 878; x_wconf 86' lang='lat' dir='ltr'>neque</span> <span class='ocrx_word' id='word_1_46' title='bbox 1829 797 2052 879; x_wconf 64' lang='lat' dir='ltr'>pudet!</span> <span class='ocrx_word' id='word_1_47' title='bbox 2134 798 2249 858; x_wconf 91' lang='lat' dir='ltr'>Ubi</span> <span class='ocrx_word' id='word_1_48' title='bbox 2269 800 2529 871; x_wconf 86' lang='lat' dir='ltr'>verbum,</span> <span class='ocrx_word' id='word_1_49' title='bbox 2550 798 2682 870; x_wconf 80' lang='lat' dir='ltr'>siet,</span> 
     </span>
     <span class='ocr_line' id='line_1_6' title="bbox 495 894 2684 977; baseline -0.003 -17"><span class='ocrx_word' id='word_1_50' title='bbox 495 896 673 960; x_wconf 87' lang='lat' dir='ltr'>unica</span> <span class='ocrx_word' id='word_1_51' title='bbox 697 897 927 977; x_wconf 81' lang='lat' dir='ltr'><strong>syllaba</strong></span> <span class='ocrx_word' id='word_1_52' title='bbox 973 907 1316 958; x_wconf 87' lang='lat' dir='ltr'>concretum</span> <span class='ocrx_word' id='word_1_53' title='bbox 1363 897 1449 956; x_wconf 84' lang='lat' dir='ltr'>fit.</span> <span class='ocrx_word' id='word_1_54' title='bbox 1535 897 1635 955; x_wconf 91' lang='lat' dir='ltr'>Sic</span> <span class='ocrx_word' id='word_1_55' title='bbox 1681 896 1857 956; x_wconf 86' lang='lat' dir='ltr'>etiam</span> <span class='ocrx_word' id='word_1_56' title='bbox 1906 916 1979 955; x_wconf 85' lang='lat' dir='ltr'>ex</span> <span class='ocrx_word' id='word_1_57' title='bbox 2025 894 2265 955; x_wconf 77' lang='lat' dir='ltr'>Andriae</span> <span class='ocrx_word' id='word_1_58' title='bbox 2303 895 2404 955; x_wconf 89' lang='lat' dir='ltr'>illo</span> <span class='ocrx_word' id='word_1_59' title='bbox 2449 895 2684 954; x_wconf 80' lang='lat' dir='ltr'>sibilum</span> 
     </span>
     <span class='ocr_line' id='line_1_7' title="bbox 496 990 2705 1073; baseline -0.002 -20"><span class='ocrx_word' id='word_1_60' title='bbox 496 992 756 1067; x_wconf 85' lang='lat' dir='ltr'>abstulit,</span> <span class='ocrx_word' id='word_1_61' title='bbox 784 1013 903 1054; x_wconf 89' lang='lat' dir='ltr'>non</span> <span class='ocrx_word' id='word_1_62' title='bbox 946 993 1124 1054; x_wconf 88' lang='lat' dir='ltr'>unde.</span> <span class='ocrx_word' id='word_1_63' title='bbox 1150 994 1395 1055; x_wconf 82' lang='lat' dir='ltr'><strong>debuit:</strong></span> <span class='ocrx_word' id='word_1_64' title='bbox 1457 1000 1472 1029; x_wconf 92' lang='lat'>‘</span> <span class='ocrx_word' id='word_1_65' title='bbox 1498 994 1647 1064; x_wconf 85' lang='lat' dir='ltr'>Quis</span> <span class='ocrx_word' id='word_1_66' title='bbox 1695 995 1874 1073; x_wconf 87' lang='lat' dir='ltr'>igitur</span> <span class='ocrx_word' id='word_1_67' title='bbox 1918 1003 2012 1053; x_wconf 88' lang='lat' dir='ltr'>est</span> <span class='ocrx_word' id='word_1_68' title='bbox 2056 993 2297 1053; x_wconf 87' lang='lat' dir='ltr'>relictus</span> <span class='ocrx_word' id='word_1_69' title='bbox 2337 990 2705 1072; x_wconf 85' lang='lat' dir='ltr'>objurgandi·</span> 
     </span>
     <span class='ocr_line' id='line_1_8' title="bbox 491 1089 2689 1170; baseline -0.001 -22"><span class='ocrx_word' id='word_1_70' title='bbox 491 1089 742 1151; x_wconf 63' lang='lat' dir='ltr'>locus‘ff’</span> <span class='ocrx_word' id='word_1_71' title='bbox 825 1091 1092 1163; x_wconf 89' lang='lat' dir='ltr'>Sibilum,</span> <span class='ocrx_word' id='word_1_72' title='bbox 1119 1090 1331 1169; x_wconf 90' lang='lat' dir='ltr'>inquit,</span> <span class='ocrx_word' id='word_1_73' title='bbox 1358 1090 1417 1149; x_wconf 93' lang='lat' dir='ltr'>in</span> <span class='ocrx_word' id='word_1_74' title='bbox 1446 1090 1815 1170; x_wconf 86' lang='lat' dir='ltr'>pronomine,</span> <span class='ocrx_word' id='word_1_75' title='bbox 1865 1090 2036 1163; x_wconf 90' lang='lat' dir='ltr'>Quis,</span> <span class='ocrx_word' id='word_1_76' title='bbox 2080 1089 2336 1150; x_wconf 81' lang='lat' dir='ltr'>eliditur.</span> <span class='ocrx_word' id='word_1_77' title='bbox 2420 1092 2499 1149; x_wconf 89' lang='lat' dir='ltr'>At</span> <span class='ocrx_word' id='word_1_78' title='bbox 2527 1107 2689 1159; x_wconf 87' lang='lat' dir='ltr'>vero,</span> 
     </span>
     <span class='ocr_line' id='line_1_9' title="bbox 495 1185 2684 1267; baseline -0.002 -20"><span class='ocrx_word' id='word_1_79' title='bbox 495 1206 632 1247; x_wconf 91' lang='lat' dir='ltr'>cum</span> <span class='ocrx_word' id='word_1_80' title='bbox 659 1188 993 1266; x_wconf 87' lang='lat' dir='ltr'>necessario</span> <span class='ocrx_word' id='word_1_81' title='bbox 1034 1186 1322 1247; x_wconf 78' lang='lat' dir='ltr'>iambicus</span> <span class='ocrx_word' id='word_1_82' title='bbox 1374 1187 1471 1260; x_wconf 89' lang='lat' dir='ltr'>sit,</span> <span class='ocrx_word' id='word_1_83' title='bbox 1519 1187 1686 1246; x_wconf 90' lang='lat' dir='ltr'>nullo</span> <span class='ocrx_word' id='word_1_84' title='bbox 1723 1196 1901 1267; x_wconf 88' lang='lat' dir='ltr'>pacto</span> <span class='ocrx_word' id='word_1_85' title='bbox 1930 1186 2008 1247; x_wconf 89' lang='lat' dir='ltr'>ad</span> <span class='ocrx_word' id='word_1_86' title='bbox 2058 1206 2190 1246; x_wconf 88' lang='lat' dir='ltr'>eum</span> <span class='ocrx_word' id='word_1_87' title='bbox 2214 1185 2456 1246; x_wconf 86' lang='lat' dir='ltr'>modum</span> <span class='ocrx_word' id='word_1_88' title='bbox 2483 1204 2684 1244; x_wconf 86' lang='lat' dir='ltr'>secare</span> 
     </span>
     <span class='ocr_line' id='line_1_10' title="bbox 494 1281 2686 1363; baseline -0.001 -20"><span class='ocrx_word' id='word_1_89' title='bbox 494 1283 711 1362; x_wconf 85' lang='lat' dir='ltr'>possis,</span> <span class='ocrx_word' id='word_1_90' title='bbox 741 1282 850 1343; x_wconf 89' lang='lat' dir='ltr'>sed</span> <span class='ocrx_word' id='word_1_91' title='bbox 875 1303 949 1343; x_wconf 87' lang='lat' dir='ltr'>ex</span> <span class='ocrx_word' id='word_1_92' title='bbox 989 1283 1303 1363; x_wconf 89' lang='lat' dir='ltr'>participio</span> <span class='ocrx_word' id='word_1_93' title='bbox 1331 1283 1631 1344; x_wconf 88' lang='lat' dir='ltr'>tollendus</span> <span class='ocrx_word' id='word_1_94' title='bbox 1661 1293 1776 1344; x_wconf 84' lang='lat' dir='ltr'>est.</span> <span class='ocrx_word' id='word_1_95' title='bbox 1859 1282 1979 1343; x_wconf 88' lang='lat' dir='ltr'>Sed</span> <span class='ocrx_word' id='word_1_96' title='bbox 2006 1293 2068 1342; x_wconf 83' lang='lat' dir='ltr'>ct</span> <span class='ocrx_word' id='word_1_97' title='bbox 2115 1281 2279 1342; x_wconf 91' lang='lat' dir='ltr'>illum</span> <span class='ocrx_word' id='word_1_98' title='bbox 2305 1281 2459 1341; x_wconf 89' lang='lat' dir='ltr'>male</span> <span class='ocrx_word' id='word_1_99' title='bbox 2501 1281 2686 1340; x_wconf 88' lang='lat' dir='ltr'>dime-</span> 
     </span>
     <span class='ocr_line' id='line_1_11' title="bbox 496 1378 2683 1453; baseline -0 -15"><span class='ocrx_word' id='word_1_100' title='bbox 496 1379 639 1439; x_wconf 88' lang='lat' dir='ltr'>titus</span> <span class='ocrx_word' id='word_1_101' title='bbox 683 1389 813 1440; x_wconf 87' lang='lat' dir='ltr'>est:</span> <span class='ocrx_word' id='word_1_102' title='bbox 879 1378 1092 1453; x_wconf 90' lang='lat' dir='ltr'>‘Perii,</span> <span class='ocrx_word' id='word_1_103' title='bbox 1148 1381 1393 1440; x_wconf 91' lang='lat' dir='ltr'>obsecro</span> <span class='ocrx_word' id='word_1_104' title='bbox 1417 1399 1438 1441; x_wconf 91' lang='lat'>:</span> <span class='ocrx_word' id='word_1_105' title='bbox 1489 1391 1612 1440; x_wconf 89' lang='lat' dir='ltr'>tam</span> <span class='ocrx_word' id='word_1_106' title='bbox 1660 1379 1968 1439; x_wconf 83' lang='lat' dir='ltr'>infandum</span> <span class='ocrx_word' id='word_1_107' title='bbox 2012 1379 2243 1439; x_wconf 80' lang='lat' dir='ltr'>facinus</span> <span class='ocrx_word' id='word_1_108' title='bbox 2290 1396 2423 1437; x_wconf 90' lang='lat' dir='ltr'>mea</span> <span class='ocrx_word' id='word_1_109' title='bbox 2471 1386 2559 1451; x_wconf 86' lang='lat' dir='ltr'>tu,</span> <span class='ocrx_word' id='word_1_110' title='bbox 2607 1397 2683 1437; x_wconf 88' lang='lat' dir='ltr'>ne</span> 
     </span>
     <span class='ocr_line' id='line_1_12' title="bbox 497 1474 2680 1556; baseline -0.001 -21"><span class='ocrx_word' id='word_1_111' title='bbox 497 1475 695 1536; x_wconf 88' lang='lat' dir='ltr'>audivi</span> <span class='ocrx_word' id='word_1_112' title='bbox 725 1476 1005 1556; x_wconf 68' lang='lat' dir='ltr'>quidem!</span> <span class='ocrx_word' id='word_1_113' title='bbox 1084 1476 1278 1545; x_wconf 88' lang='lat' dir='ltr'>Quem</span> <span class='ocrx_word' id='word_1_114' title='bbox 1306 1476 1450 1538; x_wconf 87' lang='lat' dir='ltr'>dicit</span> <span class='ocrx_word' id='word_1_115' title='bbox 1493 1493 1629 1537; x_wconf 88' lang='lat' dir='ltr'>esse</span> <span class='ocrx_word' id='word_1_116' title='bbox 1670 1477 2028 1537; x_wconf 85' lang='lat' dir='ltr'>trochaicum</span> <span class='ocrx_word' id='word_1_117' title='bbox 2058 1474 2503 1535; x_wconf 83' lang='lat' dir='ltr'>catalecticum:</span> <span class='ocrx_word' id='word_1_118' title='bbox 2545 1494 2680 1533; x_wconf 89' lang='lat' dir='ltr'>cum</span> 
     </span>
     <span class='ocr_line' id='line_1_13' title="bbox 495 1571 2682 1653; baseline -0.001 -21"><span class='ocrx_word' id='word_1_119' title='bbox 495 1572 574 1632; x_wconf 89' lang='lat' dir='ltr'>sit</span> <span class='ocrx_word' id='word_1_120' title='bbox 616 1573 843 1653; x_wconf 83' lang='lat' dir='ltr'>integer</span> <span class='ocrx_word' id='word_1_121' title='bbox 896 1572 1219 1653; x_wconf 87' lang='lat' dir='ltr'>quadratus</span> <span class='ocrx_word' id='word_1_122' title='bbox 1273 1573 1582 1645; x_wconf 88' lang='lat' dir='ltr'>iambicus,</span> <span class='ocrx_word' id='word_1_123' title='bbox 1636 1593 1830 1652; x_wconf 88' lang='lat' dir='ltr'>neque</span> <span class='ocrx_word' id='word_1_124' title='bbox 1880 1572 1958 1633; x_wconf 90' lang='lat' dir='ltr'>ad</span> <span class='ocrx_word' id='word_1_125' title='bbox 2012 1572 2372 1633; x_wconf 86' lang='lat' dir='ltr'>trochaicum</span> <span class='ocrx_word' id='word_1_126' title='bbox 2421 1571 2682 1651; x_wconf 85' lang='lat' dir='ltr'>torqueri</span> 
     </span>
    </p>
   </div>
   <div class='ocr_carea' id='block_1_3' title="bbox 405 1666 2682 1750">
    <p class='ocr_par' dir='ltr' id='par_1_3' title="bbox 405 1666 2682 1750">
     <span class='ocr_line' id='line_1_14' title="bbox 405 1666 2682 1750; baseline -0 -21"><span class='ocrx_word' id='word_1_127' title='bbox 405 1721 426 1744; x_wconf 81' lang='grc'>,,</span> <span class='ocrx_word' id='word_1_128' title='bbox 493 1670 703 1750; x_wconf 82' lang='lat' dir='ltr'>possit.</span> <span class='ocrx_word' id='word_1_129' title='bbox 766 1669 934 1732; x_wconf 87' lang='lat' dir='ltr'>Sicut</span> <span class='ocrx_word' id='word_1_130' title='bbox 954 1681 1015 1731; x_wconf 92' lang='lat' dir='ltr'>et</span> <span class='ocrx_word' id='word_1_131' title='bbox 1040 1671 1473 1750; x_wconf 72' lang='lat' dir='ltr'>praecedentem</span> <span class='ocrx_word' id='word_1_132' title='bbox 1501 1670 1705 1732; x_wconf 79' lang='lat' dir='ltr'>illum:</span> <span class='ocrx_word' id='word_1_133' title='bbox 1752 1679 1770 1705; x_wconf 88' lang='lat'>‘</span> <span class='ocrx_word' id='word_1_134' title='bbox 1796 1671 1972 1731; x_wconf 88' lang='lat' dir='ltr'>Forte</span> <span class='ocrx_word' id='word_1_135' title='bbox 2001 1668 2078 1730; x_wconf 85' lang='lat' dir='ltr'>ad</span> <span class='ocrx_word' id='word_1_136' title='bbox 2105 1688 2216 1729; x_wconf 88' lang='lat' dir='ltr'>nos</span> <span class='ocrx_word' id='word_1_137' title='bbox 2242 1666 2515 1727; x_wconf 88' lang='lat' dir='ltr'>redierit:</span> <span class='ocrx_word' id='word_1_138' title='bbox 2556 1667 2682 1728; x_wconf 82' lang='lat' dir='ltr'>vise</span> 
     </span>
    </p>
   </div>
   <div class='ocr_carea' id='block_1_4' title="bbox 491 1766 2753 4268">
    <p class='ocr_par' dir='ltr' id='par_1_4' title="bbox 491 1766 2753 4268">
     <span class='ocr_line' id='line_1_15' title="bbox 493 1766 2682 1847; baseline -0.002 -20"><span class='ocrx_word' id='word_1_139' title='bbox 493 1768 706 1827; x_wconf 87' lang='lat' dir='ltr'>amabo</span> <span class='ocrx_word' id='word_1_140' title='bbox 732 1788 872 1827; x_wconf 90' lang='lat' dir='ltr'>num</span> <span class='ocrx_word' id='word_1_141' title='bbox 894 1767 971 1827; x_wconf 89' lang='lat' dir='ltr'>sit</span> <span class='ocrx_word' id='word_1_142' title='bbox 983 1768 1143 1847; x_wconf 84' lang='lat' dir='ltr'>jam:</span> <span class='ocrx_word' id='word_1_143' title='bbox 1192 1769 1331 1829; x_wconf 83' lang='lat' dir='ltr'>faxo</span> <span class='ocrx_word' id='word_1_144' title='bbox 1358 1769 1558 1830; x_wconf 87' lang='lat' dir='ltr'>scias.’</span> <span class='ocrx_word' id='word_1_145' title='bbox 1606 1769 1780 1840; x_wconf 88' lang='lat' dir='ltr'>Nam,</span> <span class='ocrx_word' id='word_1_146' title='bbox 1808 1777 1876 1827; x_wconf 92' lang='lat' dir='ltr'>ut</span> <span class='ocrx_word' id='word_1_147' title='bbox 1903 1767 2180 1828; x_wconf 80' lang='lat' dir='ltr'>evaderet</span> <span class='ocrx_word' id='word_1_148' title='bbox 2200 1766 2682 1846; x_wconf 86' lang='lat' dir='ltr'>amphimacrum,</span> 
     </span>
     <span class='ocr_line' id='line_1_16' title="bbox 491 1860 2676 1941; baseline -0.001 -20"><span class='ocrx_word' id='word_1_149' title='bbox 491 1882 614 1923; x_wconf 90' lang='lat' dir='ltr'>non</span> <span class='ocrx_word' id='word_1_150' title='bbox 630 1873 722 1924; x_wconf 88' lang='lat' dir='ltr'>est</span> <span class='ocrx_word' id='word_1_151' title='bbox 739 1864 958 1924; x_wconf 86' lang='lat' dir='ltr'>veritus</span> <span class='ocrx_word' id='word_1_152' title='bbox 978 1864 1208 1926; x_wconf 88' lang='lat' dir='ltr'>trahere</span> <span class='ocrx_word' id='word_1_153' title='bbox 1228 1866 1318 1925; x_wconf 85' lang='lat' dir='ltr'>sui</span> <span class='ocrx_word' id='word_1_154' title='bbox 1337 1864 1618 1928; x_wconf 88' lang='lat' dir='ltr'>trochaici</span> <span class='ocrx_word' id='word_1_155' title='bbox 1649 1864 1899 1925; x_wconf 89' lang='lat' dir='ltr'>caudam</span> <span class='ocrx_word' id='word_1_156' title='bbox 1923 1864 2096 1923; x_wconf 88' lang='lat' dir='ltr'>etiam</span> <span class='ocrx_word' id='word_1_157' title='bbox 2120 1865 2269 1923; x_wconf 90' lang='lat' dir='ltr'>ultra</span> <span class='ocrx_word' id='word_1_158' title='bbox 2293 1875 2430 1923; x_wconf 89' lang='lat' dir='ltr'>octo</span> <span class='ocrx_word' id='word_1_159' title='bbox 2451 1860 2676 1941; x_wconf 87' lang='lat' dir='ltr'>pedes:</span> 
     </span>
     <span class='ocr_line' id='line_1_17' title="bbox 492 1959 2685 2044; baseline -0.001 -23"><span class='ocrx_word' id='word_1_160' title='bbox 492 1961 604 2021; x_wconf 88' lang='lat' dir='ltr'>nisi</span> <span class='ocrx_word' id='word_1_161' title='bbox 632 1972 886 2040; x_wconf 88' lang='lat' dir='ltr'>argutet,</span> <span class='ocrx_word' id='word_1_162' title='bbox 914 1961 1090 2036; x_wconf 89' lang='lat' dir='ltr'>scias,</span> <span class='ocrx_word' id='word_1_163' title='bbox 1131 1983 1263 2023; x_wconf 87' lang='lat' dir='ltr'>esse</span> <span class='ocrx_word' id='word_1_164' title='bbox 1292 1962 1804 2044; x_wconf 75' lang='lat' dir='ltr'>monosyllabum:</span> <span class='ocrx_word' id='word_1_165' title='bbox 1849 1961 1975 2034; x_wconf 87' lang='lat' dir='ltr'>sed,</span> <span class='ocrx_word' id='word_1_166' title='bbox 2023 1982 2158 2022; x_wconf 89' lang='lat' dir='ltr'>cum</span> <span class='ocrx_word' id='word_1_167' title='bbox 2187 1981 2392 2021; x_wconf 87' lang='lat' dir='ltr'>omnes</span> <span class='ocrx_word' id='word_1_168' title='bbox 2434 1961 2525 2020; x_wconf 82' lang='lat' dir='ltr'>illi.</span> <span class='ocrx_word' id='word_1_169' title='bbox 2562 1959 2685 2019; x_wconf 89' lang='lat' dir='ltr'>sint</span> 
     </span>
     <span class='ocr_line' id='line_1_18' title="bbox 493 2056 2683 2137; baseline -0.001 -20"><span class='ocrx_word' id='word_1_170' title='bbox 493 2056 785 2137; x_wconf 86' lang='lat' dir='ltr'>quadrati,</span> <span class='ocrx_word' id='word_1_171' title='bbox 812 2059 986 2117; x_wconf 89' lang='lat' dir='ltr'>etiam</span> <span class='ocrx_word' id='word_1_172' title='bbox 1013 2057 1174 2119; x_wconf 90' lang='lat' dir='ltr'>hunc</span> <span class='ocrx_word' id='word_1_173' title='bbox 1218 2060 1531 2120; x_wconf 86' lang='lat' dir='ltr'>iambicum</span> <span class='ocrx_word' id='word_1_174' title='bbox 1581 2060 1802 2132; x_wconf 88' lang='lat' dir='ltr'>malim,</span> <span class='ocrx_word' id='word_1_175' title='bbox 1845 2060 2011 2119; x_wconf 87' lang='lat' dir='ltr'>nulla</span> <span class='ocrx_word' id='word_1_176' title='bbox 2054 2059 2213 2117; x_wconf 83' lang='lat' dir='ltr'>facta</span> <span class='ocrx_word' id='word_1_177' title='bbox 2240 2058 2298 2116; x_wconf 91' lang='lat' dir='ltr'>in</span> <span class='ocrx_word' id='word_1_178' title='bbox 2327 2057 2515 2137; x_wconf 88' lang='lat' dir='ltr'>prima</span> <span class='ocrx_word' id='word_1_179' title='bbox 2539 2061 2683 2116; x_wconf 83' lang='lat' dir='ltr'>voce</span> 
     </span>
     <span class='ocr_line' id='line_1_19' title="bbox 494 2152 2688 2234; baseline -0 -21"><span class='ocrx_word' id='word_1_180' title='bbox 494 2153 797 2213; x_wconf 88' lang='lat' dir='ltr'>collisione</span> <span class='ocrx_word' id='word_1_181' title='bbox 818 2160 895 2213; x_wconf 45' lang='lat'>:.‘</span> <span class='ocrx_word' id='word_1_182' title='bbox 921 2153 1055 2222; x_wconf 86' lang='lat' dir='ltr'>Quo</span> <span class='ocrx_word' id='word_1_183' title='bbox 1083 2153 1183 2213; x_wconf 89' lang='lat' dir='ltr'>ille</span> <span class='ocrx_word' id='word_1_184' title='bbox 1211 2155 1370 2215; x_wconf 89' lang='lat' dir='ltr'>abire</span> <span class='ocrx_word' id='word_1_185' title='bbox 1399 2156 1648 2234; x_wconf 85' lang='lat' dir='ltr'>ignavos</span> <span class='ocrx_word' id='word_1_186' title='bbox 1676 2157 1869 2234; x_wconf 82' lang='lat' dir='ltr'>possit</span> <span class='ocrx_word' id='word_1_187' title='bbox 1898 2154 2152 2233; x_wconf 88' lang='lat' dir='ltr'>longius,</span> <span class='ocrx_word' id='word_1_188' title='bbox 2181 2154 2295 2214; x_wconf 85' lang='lat' dir='ltr'>nisi</span> <span class='ocrx_word' id='word_1_189' title='bbox 2321 2154 2372 2212; x_wconf 89' lang='lat' dir='ltr'>si</span> <span class='ocrx_word' id='word_1_190' title='bbox 2401 2152 2688 2212; x_wconf 70' lang='lat' dir='ltr'>domum!</span> 
     </span>
     <span class='ocr_line' id='line_1_20' title="bbox 495 2247 2684 2331; baseline 0 -23"><span class='ocrx_word' id='word_1_191' title='bbox 495 2247 851 2329; x_wconf 19' lang='lat' dir='ltr'>InhPrologo</span> <span class='ocrx_word' id='word_1_192' title='bbox 879 2258 1077 2310; x_wconf 88' lang='lat' dir='ltr'>autern</span> <span class='ocrx_word' id='word_1_193' title='bbox 1100 2250 1365 2324; x_wconf 81' lang='lat' dir='ltr'>Andriae,</span> <span class='ocrx_word' id='word_1_194' title='bbox 1394 2269 1466 2312; x_wconf 93' lang='lat' dir='ltr'>eo</span> <span class='ocrx_word' id='word_1_195' title='bbox 1493 2271 1668 2311; x_wconf 83' lang='lat' dir='ltr'>versu</span> <span class='ocrx_word' id='word_1_196' title='bbox 1693 2271 1709 2311; x_wconf 92' lang='lat'>:</span> <span class='ocrx_word' id='word_1_197' title='bbox 1756 2258 1773 2286; x_wconf 87' lang='lat'>‘</span> <span class='ocrx_word' id='word_1_198' title='bbox 1795 2252 1948 2311; x_wconf 89' lang='lat' dir='ltr'>Nam</span> <span class='ocrx_word' id='word_1_199' title='bbox 1976 2252 2035 2310; x_wconf 91' lang='lat' dir='ltr'>in</span> <span class='ocrx_word' id='word_1_200' title='bbox 2064 2251 2324 2331; x_wconf 87' lang='lat' dir='ltr'>prologis</span> <span class='ocrx_word' id='word_1_201' title='bbox 2354 2248 2684 2309; x_wconf 83' lang='lat' dir='ltr'>scribundis</span> 
     </span>
     <span class='ocr_line' id='line_1_21' title="bbox 496 2345 2684 2426; baseline -0.002 -19"><span class='ocrx_word' id='word_1_202' title='bbox 496 2364 737 2425; x_wconf 89' lang='lat' dir='ltr'>operam</span> <span class='ocrx_word' id='word_1_203' title='bbox 792 2345 1050 2406; x_wconf 88' lang='lat' dir='ltr'>abutitur</span> <span class='ocrx_word' id='word_1_204' title='bbox 1073 2346 1108 2406; x_wconf 91' lang='lat'>:&#39;</span> <span class='ocrx_word' id='word_1_205' title='bbox 1166 2366 1300 2407; x_wconf 90' lang='lat' dir='ltr'>cum</span> <span class='ocrx_word' id='word_1_206' title='bbox 1360 2346 1583 2407; x_wconf 88' lang='lat' dir='ltr'>diceret</span> <span class='ocrx_word' id='word_1_207' title='bbox 1635 2347 1799 2407; x_wconf 85' lang='lat' dir='ltr'>vocis</span> <span class='ocrx_word' id='word_1_208' title='bbox 1839 2347 2039 2426; x_wconf 81' lang='lat' dir='ltr'>hujuS,</span> <span class='ocrx_word' id='word_1_209' title='bbox 2101 2346 2381 2425; x_wconf 86' lang='lat' dir='ltr'>prologis,</span> <span class='ocrx_word' id='word_1_210' title='bbox 2435 2345 2684 2424; x_wconf 83' lang='lat' dir='ltr'>primam</span> 
     </span>
     <span class='ocr_line' id='line_1_22' title="bbox 495 2440 2686 2521; baseline -0.001 -19"><span class='ocrx_word' id='word_1_211' title='bbox 495 2441 786 2521; x_wconf 80' lang='lat' dir='ltr'>syllabam</span> <span class='ocrx_word' id='word_1_212' title='bbox 813 2461 948 2503; x_wconf 87' lang='lat' dir='ltr'>esse</span> <span class='ocrx_word' id='word_1_213' title='bbox 977 2462 1013 2502; x_wconf 90' lang='lat' dir='ltr'>a</span> <span class='ocrx_word' id='word_1_214' title='bbox 1039 2442 1312 2503; x_wconf 86' lang='lat' dir='ltr'>Terentio</span> <span class='ocrx_word' id='word_1_215' title='bbox 1348 2442 1720 2521; x_wconf 89' lang='lat' dir='ltr'>productam,</span> <span class='ocrx_word' id='word_1_216' title='bbox 1750 2441 1983 2504; x_wconf 88' lang='lat' dir='ltr'>addidit</span> <span class='ocrx_word' id='word_1_217' title='bbox 2010 2462 2154 2502; x_wconf 89' lang='lat' dir='ltr'>sane</span> <span class='ocrx_word' id='word_1_218' title='bbox 2181 2441 2465 2501; x_wconf 85' lang='lat' dir='ltr'>rationem</span> <span class='ocrx_word' id='word_1_219' title='bbox 2507 2440 2686 2499; x_wconf 83' lang='lat' dir='ltr'>frivo-</span> 
     </span>
     <span class='ocr_line' id='line_1_23' title="bbox 494 2537 2686 2619; baseline -0.001 -22"><span class='ocrx_word' id='word_1_220' title='bbox 494 2537 652 2599; x_wconf 87' lang='lat' dir='ltr'>lam:</span> <span class='ocrx_word' id='word_1_221' title='bbox 718 2539 945 2613; x_wconf 89' lang='lat' dir='ltr'>Latina,</span> <span class='ocrx_word' id='word_1_222' title='bbox 983 2539 1195 2619; x_wconf 90' lang='lat' dir='ltr'>inquit,</span> <span class='ocrx_word' id='word_1_223' title='bbox 1226 2538 1695 2601; x_wconf 87' lang='lat' dir='ltr'>consuetudine:</span> <span class='ocrx_word' id='word_1_224' title='bbox 1755 2539 1968 2618; x_wconf 89' lang='lat' dir='ltr'>quibus</span> <span class='ocrx_word' id='word_1_225' title='bbox 1997 2558 2126 2598; x_wconf 88' lang='lat' dir='ltr'>mos</span> <span class='ocrx_word' id='word_1_226' title='bbox 2171 2546 2265 2598; x_wconf 88' lang='lat' dir='ltr'>est</span> <span class='ocrx_word' id='word_1_227' title='bbox 2298 2556 2426 2597; x_wconf 88' lang='lat' dir='ltr'>eam</span> <span class='ocrx_word' id='word_1_228' title='bbox 2454 2555 2686 2617; x_wconf 79' lang='lat' dir='ltr'>proepo·</span> 
     </span>
     <span class='ocr_line' id='line_1_24' title="bbox 494 2633 2685 2716; baseline -0.001 -21"><span class='ocrx_word' id='word_1_229' title='bbox 494 2635 763 2696; x_wconf 84' lang='lat' dir='ltr'>sitionern</span> <span class='ocrx_word' id='word_1_230' title='bbox 804 2635 1160 2716; x_wconf 88' lang='lat' dir='ltr'>productam</span> <span class='ocrx_word' id='word_1_231' title='bbox 1203 2634 1439 2696; x_wconf 84' lang='lat' dir='ltr'>habere.</span> <span class='ocrx_word' id='word_1_232' title='bbox 1526 2637 1681 2696; x_wconf 89' lang='lat' dir='ltr'>Nam</span> <span class='ocrx_word' id='word_1_233' title='bbox 1727 2633 1789 2695; x_wconf 91' lang='lat' dir='ltr'>in</span> <span class='ocrx_word' id='word_1_234' title='bbox 1842 2633 2065 2695; x_wconf 88' lang='lat' dir='ltr'>Latinis</span> <span class='ocrx_word' id='word_1_235' title='bbox 2093 2635 2282 2695; x_wconf 86' lang='lat' dir='ltr'>verbis</span> <span class='ocrx_word' id='word_1_236' title='bbox 2329 2633 2685 2713; x_wconf 83' lang='lat' dir='ltr'>producant,</span> 
     </span>
     <span class='ocr_line' id='line_1_25' title="bbox 493 2729 2687 2806; baseline -0.001 -14"><span class='ocrx_word' id='word_1_237' title='bbox 493 2729 555 2794; x_wconf 84' lang='lat' dir='ltr'>in</span> <span class='ocrx_word' id='word_1_238' title='bbox 587 2732 814 2794; x_wconf 81' lang='lat' dir='ltr'>Graecis</span> <span class='ocrx_word' id='word_1_239' title='bbox 844 2742 1041 2794; x_wconf 88' lang='lat' dir='ltr'>autem</span> <span class='ocrx_word' id='word_1_240' title='bbox 1071 2732 1431 2806; x_wconf 86' lang='lat' dir='ltr'>abstineant,</span> <span class='ocrx_word' id='word_1_241' title='bbox 1459 2732 1579 2793; x_wconf 83' lang='lat' dir='ltr'>nisi</span> <span class='ocrx_word' id='word_1_242' title='bbox 1604 2733 1723 2793; x_wconf 89' lang='lat' dir='ltr'>alia</span> <span class='ocrx_word' id='word_1_243' title='bbox 1746 2732 1835 2793; x_wconf 87' lang='lat' dir='ltr'>vis</span> <span class='ocrx_word' id='word_1_244' title='bbox 1864 2731 2088 2800; x_wconf 76' lang='lat' dir='ltr'>subsit:</span> <span class='ocrx_word' id='word_1_245' title='bbox 2132 2732 2286 2791; x_wconf 87' lang='lat' dir='ltr'>sicut</span> <span class='ocrx_word' id='word_1_246' title='bbox 2312 2731 2372 2790; x_wconf 92' lang='lat' dir='ltr'>in</span> <span class='ocrx_word' id='word_1_247' title='bbox 2388 2730 2501 2789; x_wconf 90' lang='lat' dir='ltr'>bac</span> <span class='ocrx_word' id='word_1_248' title='bbox 2519 2748 2687 2802; x_wconf 81' lang='lat' dir='ltr'>voce,</span> 
     </span>
     <span class='ocr_line' id='line_1_26' title="bbox 493 2827 2683 2909; baseline -0.002 -20"><span class='ocrx_word' id='word_1_249' title='bbox 493 2829 594 2891; x_wconf 88' lang='lat' dir='ltr'>ubi</span> <span class='ocrx_word' id='word_1_250' title='bbox 615 2829 839 2909; x_wconf 89' lang='lat' dir='ltr'>liquida</span> <span class='ocrx_word' id='word_1_251' title='bbox 859 2830 965 2890; x_wconf 87' lang='lat' dir='ltr'>illa</span> <span class='ocrx_word' id='word_1_252' title='bbox 985 2831 1338 2909; x_wconf 82' lang='lat' dir='ltr'>geminatur,</span> <span class='ocrx_word' id='word_1_253' title='bbox 1358 2830 1513 2891; x_wconf 86' lang='lat' dir='ltr'>sicut</span> <span class='ocrx_word' id='word_1_254' title='bbox 1525 2831 1585 2892; x_wconf 89' lang='lat' dir='ltr'>in</span> <span class='ocrx_word' id='word_1_255' title='bbox 1606 2829 2310 2893; x_wconf 80' lang='lat' dir='ltr'>Heautontimorumeno:</span> <span class='ocrx_word' id='word_1_256' title='bbox 2337 2835 2354 2863; x_wconf 78' lang='lat'><em>⁴</em></span> <span class='ocrx_word' id='word_1_257' title='bbox 2372 2827 2683 2887; x_wconf 85' lang='lat' dir='ltr'>Oratorem</span> 
     </span>
     <span class='ocr_line' id='line_1_27' title="bbox 494 2921 2686 3007; baseline -0.001 -22"><span class='ocrx_word' id='word_1_258' title='bbox 494 2925 680 2986; x_wconf 79' lang='lat' dir='ltr'>voluit</span> <span class='ocrx_word' id='word_1_259' title='bbox 705 2945 841 2986; x_wconf 84' lang='lat' dir='ltr'>esse</span> <span class='ocrx_word' id='word_1_260' title='bbox 871 2946 986 2997; x_wconf 86' lang='lat' dir='ltr'>me,</span> <span class='ocrx_word' id='word_1_261' title='bbox 1015 2947 1136 2987; x_wconf 90' lang='lat' dir='ltr'>non</span> <span class='ocrx_word' id='word_1_262' title='bbox 1162 2927 1496 3007; x_wconf 85' lang='lat' dir='ltr'>prollogum</span> <span class='ocrx_word' id='word_1_263' title='bbox 1518 2947 1534 2986; x_wconf 91' lang='lat'>:</span> <span class='ocrx_word' id='word_1_264' title='bbox 1559 2926 1574 2951; x_wconf 93' lang='lat'><em>’</em></span> <span class='ocrx_word' id='word_1_265' title='bbox 1615 2938 1676 2988; x_wconf 85' lang='lat' dir='ltr'>et</span> <span class='ocrx_word' id='word_1_266' title='bbox 1703 2947 1786 2988; x_wconf 76' lang='lat' dir='ltr'>ex</span> <span class='ocrx_word' id='word_1_267' title='bbox 1805 2925 2063 3006; x_wconf 91' lang='lat' dir='ltr'>Prologo</span> <span class='ocrx_word' id='word_1_268' title='bbox 2090 2923 2464 2986; x_wconf 88' lang='lat' dir='ltr'>Truculenti:</span> <span class='ocrx_word' id='word_1_269' title='bbox 2527 2931 2542 2956; x_wconf 92' lang='lat'>‘</span> <span class='ocrx_word' id='word_1_270' title='bbox 2563 2921 2686 2982; x_wconf 89' lang='lat' dir='ltr'>Sed</span> 
     </span>
     <span class='ocr_line' id='line_1_28' title="bbox 494 3020 2688 3103; baseline -0.001 -22"><span class='ocrx_word' id='word_1_271' title='bbox 494 3020 804 3100; x_wconf 87' lang='lat' dir='ltr'>relliquam</span> <span class='ocrx_word' id='word_1_272' title='bbox 826 3022 933 3083; x_wconf 90' lang='lat' dir='ltr'>dat</span> <span class='ocrx_word' id='word_1_273' title='bbox 960 3042 1217 3102; x_wconf 87' lang='lat' dir='ltr'>operam,</span> <span class='ocrx_word' id='word_1_274' title='bbox 1244 3044 1319 3083; x_wconf 90' lang='lat' dir='ltr'>ne</span> <span class='ocrx_word' id='word_1_275' title='bbox 1348 3025 1427 3084; x_wconf 89' lang='lat' dir='ltr'>sit</span> <span class='ocrx_word' id='word_1_276' title='bbox 1455 3024 1787 3103; x_wconf 90' lang='lat' dir='ltr'>reliquom.&#39;</span> <span class='ocrx_word' id='word_1_277' title='bbox 1866 3025 1944 3086; x_wconf 91' lang='lat' dir='ltr'>Et</span> <span class='ocrx_word' id='word_1_278' title='bbox 1973 3024 2111 3094; x_wconf 88' lang='lat' dir='ltr'>illo:</span> <span class='ocrx_word' id='word_1_279' title='bbox 2154 3030 2170 3057; x_wconf 92' lang='lat'>‘</span> <span class='ocrx_word' id='word_1_280' title='bbox 2195 3023 2278 3081; x_wconf 91' lang='lat' dir='ltr'>Ut</span> <span class='ocrx_word' id='word_1_281' title='bbox 2323 3020 2688 3101; x_wconf 83' lang='lat' dir='ltr'>pernoscatis</span> 
     </span>
     <span class='ocr_line' id='line_1_29' title="bbox 495 3117 2684 3207; baseline -0.001 -29"><span class='ocrx_word' id='word_1_282' title='bbox 495 3118 711 3198; x_wconf 85' lang='lat' dir='ltr'>ecquid</span> <span class='ocrx_word' id='word_1_283' title='bbox 758 3120 889 3207; x_wconf 65' lang='lat' dir='ltr'>spei</span> <span class='ocrx_word' id='word_1_284' title='bbox 915 3119 995 3179; x_wconf 88' lang='lat' dir='ltr'>sit</span> <span class='ocrx_word' id='word_1_285' title='bbox 1043 3119 1372 3199; x_wconf 61' lang='lat' dir='ltr'>reliquum?</span> <span class='ocrx_word' id='word_1_286' title='bbox 1473 3122 1647 3194; x_wconf 89' lang='lat' dir='ltr'>Nam,</span> <span class='ocrx_word' id='word_1_287' title='bbox 1697 3122 1811 3182; x_wconf 89' lang='lat' dir='ltr'>nisi</span> <span class='ocrx_word' id='word_1_288' title='bbox 1858 3121 1974 3182; x_wconf 92' lang='lat' dir='ltr'>hoc</span> <span class='ocrx_word' id='word_1_289' title='bbox 2030 3118 2186 3181; x_wconf 91' lang='lat' dir='ltr'>soliti</span> <span class='ocrx_word' id='word_1_290' title='bbox 2239 3128 2441 3179; x_wconf 86' lang='lat' dir='ltr'>essent</span> <span class='ocrx_word' id='word_1_291' title='bbox 2469 3117 2684 3189; x_wconf 86' lang='lat' dir='ltr'>facere,</span> 
     </span>
     <span class='ocr_line' id='line_1_30' title="bbox 494 3213 2689 3300; baseline 0 -29"><span class='ocrx_word' id='word_1_292' title='bbox 494 3213 656 3275; x_wconf 89' lang='lat' dir='ltr'>mille</span> <span class='ocrx_word' id='word_1_293' title='bbox 683 3215 816 3276; x_wconf 81' lang='lat' dir='ltr'>aliae</span> <span class='ocrx_word' id='word_1_294' title='bbox 842 3216 952 3277; x_wconf 79' lang='lat' dir='ltr'>viae</span> <span class='ocrx_word' id='word_1_295' title='bbox 980 3227 1150 3276; x_wconf 86' lang='lat' dir='ltr'>erant</span> <span class='ocrx_word' id='word_1_296' title='bbox 1177 3217 1255 3278; x_wconf 89' lang='lat' dir='ltr'>ad</span> <span class='ocrx_word' id='word_1_297' title='bbox 1297 3217 1503 3279; x_wconf 89' lang='lat' dir='ltr'>eadem</span> <span class='ocrx_word' id='word_1_298' title='bbox 1534 3239 1709 3300; x_wconf 84' lang='lat' dir='ltr'>paene</span> <span class='ocrx_word' id='word_1_299' title='bbox 1736 3220 1916 3280; x_wconf 88' lang='lat' dir='ltr'>verba</span> <span class='ocrx_word' id='word_1_300' title='bbox 1945 3237 2114 3279; x_wconf 87' lang='lat' dir='ltr'>versu</span> <span class='ocrx_word' id='word_1_301' title='bbox 2142 3213 2578 3286; x_wconf 86' lang='lat' dir='ltr'>concludenda,</span> <span class='ocrx_word' id='word_1_302' title='bbox 2619 3222 2689 3271; x_wconf 85' lang='lat' dir='ltr'>ut</span> 
     </span>
     <span class='ocr_line' id='line_1_31' title="bbox 494 3308 2685 3394; baseline 0.001 -27"><span class='ocrx_word' id='word_1_303' title='bbox 494 3327 616 3368; x_wconf 88' lang='lat' dir='ltr'>rem</span> <span class='ocrx_word' id='word_1_304' title='bbox 637 3328 850 3371; x_wconf 82' lang='lat' dir='ltr'>novam</span> <span class='ocrx_word' id='word_1_305' title='bbox 892 3312 1158 3374; x_wconf 82' lang='lat' dir='ltr'>evitaret.</span> <span class='ocrx_word' id='word_1_306' title='bbox 1242 3312 1461 3374; x_wconf 86' lang='lat' dir='ltr'>Verum</span> <span class='ocrx_word' id='word_1_307' title='bbox 1511 3335 1668 3376; x_wconf 86' lang='lat' dir='ltr'>nova</span> <span class='ocrx_word' id='word_1_308' title='bbox 1698 3334 2086 3394; x_wconf 78' lang='lat' dir='ltr'>nequaquam</span> <span class='ocrx_word' id='word_1_309' title='bbox 2110 3322 2272 3374; x_wconf 83' lang='lat' dir='ltr'>erat:</span> <span class='ocrx_word' id='word_1_310' title='bbox 2317 3309 2424 3371; x_wconf 88' lang='lat' dir='ltr'>sed</span> <span class='ocrx_word' id='word_1_311' title='bbox 2454 3312 2530 3369; x_wconf 90' lang='lat' dir='ltr'>ab</span> <span class='ocrx_word' id='word_1_312' title='bbox 2559 3308 2685 3369; x_wconf 88' lang='lat' dir='ltr'>Ho-</span> 
     </span>
     <span class='ocr_line' id='line_1_32' title="bbox 492 3397 2687 3491; baseline -0.002 -21"><span class='ocrx_word' id='word_1_313' title='bbox 492 3397 652 3470; x_wconf 69' lang='lat' dir='ltr'>mero</span> <span class='ocrx_word' id='word_1_314' title='bbox 681 3426 912 3486; x_wconf 85' lang='lat' dir='ltr'>usque:</span> <span class='ocrx_word' id='word_1_315' title='bbox 955 3427 1092 3467; x_wconf 90' lang='lat' dir='ltr'>nam</span> <span class='ocrx_word' id='word_1_316' title='bbox 1141 3408 1201 3467; x_wconf 90' lang='lat' dir='ltr'>in</span> <span class='ocrx_word' id='word_1_317' title='bbox 1233 3408 1484 3489; x_wconf 80' lang='lat' dir='ltr'>Hymnis</span> <span class='ocrx_word' id='word_1_318' title='bbox 1537 3415 1728 3491; x_wconf 79' lang='grc' dir='ltr'>μέλος,</span> <span class='ocrx_word' id='word_1_319' title='bbox 1767 3411 1826 3470; x_wconf 89' lang='lat' dir='ltr'>in</span> <span class='ocrx_word' id='word_1_320' title='bbox 1881 3410 2067 3470; x_wconf 87' lang='lat' dir='ltr'>Iliade</span> <span class='ocrx_word' id='word_1_321' title='bbox 2097 3411 2323 3486; x_wconf 77' lang='grc' dir='ltr'><strong>ἑλώρια,</strong></span> <span class='ocrx_word' id='word_1_322' title='bbox 2370 3417 2548 3486; x_wconf 87' lang='lat' dir='ltr'>atque</span> <span class='ocrx_word' id='word_1_323' title='bbox 2574 3405 2687 3465; x_wconf 84' lang='lat' dir='ltr'>alia</span> 
     </span>
     <span class='ocr_line' id='line_1_33' title="bbox 492 3500 2753 3583; baseline 0 -23"><span class='ocrx_word' id='word_1_324' title='bbox 492 3500 791 3581; x_wconf 81' lang='lat' dir='ltr'>produxit.</span> <span class='ocrx_word' id='word_1_325' title='bbox 876 3503 1187 3583; x_wconf 84' lang='lat' dir='ltr'>Etiamque</span> <span class='ocrx_word' id='word_1_326' title='bbox 1236 3524 1396 3565; x_wconf 90' lang='lat' dir='ltr'>nunc</span> <span class='ocrx_word' id='word_1_327' title='bbox 1436 3507 1641 3570; x_wconf 80' lang='lat' dir='ltr'>multae</span> <span class='ocrx_word' id='word_1_328' title='bbox 1672 3508 1942 3567; x_wconf 87' lang='lat' dir='ltr'>nationes</span> <span class='ocrx_word' id='word_1_329' title='bbox 1991 3506 2144 3566; x_wconf 90' lang='lat' dir='ltr'>adeo</span> <span class='ocrx_word' id='word_1_330' title='bbox 2172 3524 2374 3565; x_wconf 87' lang='lat' dir='ltr'>crasse</span> <span class='ocrx_word' id='word_1_331' title='bbox 2400 3522 2532 3563; x_wconf 90' lang='lat' dir='ltr'>earn</span> <span class='ocrx_word' id='word_1_332' title='bbox 2556 3501 2688 3563; x_wconf 90' lang='lat' dir='ltr'>lite·</span> <span class='ocrx_word' id='word_1_333' title='bbox 2734 3575 2753 3583; x_wconf 38' lang='grc'><em>“</em></span> 
     </span>
     <span class='ocr_line' id='line_1_34' title="bbox 493 3586 2688 3684; baseline 0.001 -27"><span class='ocrx_word' id='word_1_334' title='bbox 493 3586 632 3658; x_wconf 76' lang='lat' dir='ltr'>ram¹</span> <span class='ocrx_word' id='word_1_335' title='bbox 646 3600 1045 3678; x_wconf 87' lang='lat' dir='ltr'>pronuntient,</span> <span class='ocrx_word' id='word_1_336' title='bbox 1071 3610 1138 3661; x_wconf 89' lang='lat' dir='ltr'>ut</span> <span class='ocrx_word' id='word_1_337' title='bbox 1164 3600 1324 3662; x_wconf 86' lang='lat' dir='ltr'>intus</span> <span class='ocrx_word' id='word_1_338' title='bbox 1345 3622 1479 3663; x_wconf 83' lang='lat' dir='ltr'>esse</span> <span class='ocrx_word' id='word_1_339' title='bbox 1501 3604 1779 3684; x_wconf 88' lang='lat' dir='ltr'>aspiratio</span> <span class='ocrx_word' id='word_1_340' title='bbox 1801 3603 2069 3665; x_wconf 86' lang='lat' dir='ltr'>videatur</span> <span class='ocrx_word' id='word_1_341' title='bbox 2093 3625 2111 3672; x_wconf 78' lang='lat'>3</span> <span class='ocrx_word' id='word_1_342' title='bbox 2155 3599 2393 3671; x_wconf 90' lang='lat' dir='ltr'>Gabali,</span> <span class='ocrx_word' id='word_1_343' title='bbox 2417 3598 2688 3674; x_wconf 76' lang='lat' dir='ltr'>Arverni,</span> 
     </span>
     <span class='ocr_line' id='line_1_35' title="bbox 496 3695 2686 3777; baseline 0 -20"><span class='ocrx_word' id='word_1_344' title='bbox 496 3696 716 3771; x_wconf 78' lang='lat' dir='ltr'>Groeci,</span> <span class='ocrx_word' id='word_1_345' title='bbox 742 3696 1043 3769; x_wconf 84' lang='lat' dir='ltr'>Germani,</span> <span class='ocrx_word' id='word_1_346' title='bbox 1088 3698 1354 3777; x_wconf 84' lang='lat' dir='ltr'>Ligures,</span> <span class='ocrx_word' id='word_1_347' title='bbox 1383 3700 1640 3761; x_wconf 86' lang='lat' dir='ltr'>Taurini.</span> <span class='ocrx_word' id='word_1_348' title='bbox 1724 3701 1999 3764; x_wconf 87' lang='lat' dir='ltr'>Ceterum</span> <span class='ocrx_word' id='word_1_349' title='bbox 2043 3699 2219 3759; x_wconf 87' lang='lat' dir='ltr'>etiam</span> <span class='ocrx_word' id='word_1_350' title='bbox 2249 3697 2367 3757; x_wconf 90' lang='lat' dir='ltr'>alia</span> <span class='ocrx_word' id='word_1_351' title='bbox 2395 3695 2544 3755; x_wconf 89' lang='lat' dir='ltr'>ratio</span> <span class='ocrx_word' id='word_1_352' title='bbox 2574 3705 2686 3757; x_wconf 77' lang='lat' dir='ltr'>est,</span> 
     </span>
     <span class='ocr_line' id='line_1_36' title="bbox 494 3781 2714 3877; baseline -0.001 -21"><span class='ocrx_word' id='word_1_353' title='bbox 494 3803 564 3856; x_wconf 87' lang='lat' dir='ltr'>ut</span> <span class='ocrx_word' id='word_1_354' title='bbox 616 3804 677 3855; x_wconf 90' lang='lat' dir='ltr'>et</span> <span class='ocrx_word' id='word_1_355' title='bbox 742 3814 947 3855; x_wconf 84' lang='lat' dir='ltr'>versus</span> <span class='ocrx_word' id='word_1_356' title='bbox 1018 3793 1114 3858; x_wconf 87' lang='lat' dir='ltr'>ille</span> <span class='ocrx_word' id='word_1_357' title='bbox 1185 3796 1425 3876; x_wconf 86' lang='lat' dir='ltr'>Prologi</span> <span class='ocrx_word' id='word_1_358' title='bbox 1476 3808 1732 3871; x_wconf 89' lang='lat' dir='ltr'>constet,</span> <span class='ocrx_word' id='word_1_359' title='bbox 1809 3817 2003 3877; x_wconf 89' lang='lat' dir='ltr'>neque</span> <span class='ocrx_word' id='word_1_360' title='bbox 2050 3794 2275 3875; x_wconf 89' lang='lat' dir='ltr'>liquida</span> <span class='ocrx_word' id='word_1_361' title='bbox 2338 3781 2714 3873; x_wconf 42' lang='lat' dir='ltr'>geminetur(</span> 
     </span>
     <span class='ocr_line' id='line_1_37' title="bbox 499 3887 2682 3975; baseline -0.001 -23"><span class='ocrx_word' id='word_1_362' title='bbox 499 3891 677 3965; x_wconf 82' lang='lat' dir='ltr'>Sane,</span> <span class='ocrx_word' id='word_1_363' title='bbox 722 3890 772 3950; x_wconf 88' lang='lat' dir='ltr'>si</span> <span class='ocrx_word' id='word_1_364' title='bbox 823 3910 953 3956; x_wconf 87' lang='lat' dir='ltr'>eam</span> <span class='ocrx_word' id='word_1_365' title='bbox 981 3910 1206 3967; x_wconf 88' lang='lat' dir='ltr'>vocem,</span> <span class='ocrx_word' id='word_1_366' title='bbox 1254 3914 1389 3974; x_wconf 77' lang='lat' dir='ltr'>quae</span> <span class='ocrx_word' id='word_1_367' title='bbox 1436 3895 1496 3954; x_wconf 91' lang='lat' dir='ltr'>in</span> <span class='ocrx_word' id='word_1_368' title='bbox 1525 3916 1597 3956; x_wconf 91' lang='lat' dir='ltr'>eo</span> <span class='ocrx_word' id='word_1_369' title='bbox 1625 3915 1799 3956; x_wconf 86' lang='lat' dir='ltr'>versu</span> <span class='ocrx_word' id='word_1_370' title='bbox 1841 3895 2031 3975; x_wconf 77' lang='lat' dir='ltr'>prima</span> <span class='ocrx_word' id='word_1_371' title='bbox 2073 3902 2186 3966; x_wconf 82' lang='lat' dir='ltr'>est,</span> <span class='ocrx_word' id='word_1_372' title='bbox 2228 3910 2347 3950; x_wconf 90' lang='lat' dir='ltr'>non</span> <span class='ocrx_word' id='word_1_373' title='bbox 2395 3887 2682 3950; x_wconf 86' lang='lat' dir='ltr'>collidas:</span> 
     </span>
     <span class='ocr_line' id='line_1_38' title="bbox 495 3984 2685 4066; baseline 0 -22"><span class='ocrx_word' id='word_1_374' title='bbox 495 3984 658 4065; x_wconf 90' lang='lat' dir='ltr'>quod</span> <span class='ocrx_word' id='word_1_375' title='bbox 687 4006 846 4066; x_wconf 80' lang='lat' dir='ltr'>soepe</span> <span class='ocrx_word' id='word_1_376' title='bbox 874 3987 1013 4049; x_wconf 91' lang='lat' dir='ltr'>alibi</span> <span class='ocrx_word' id='word_1_377' title='bbox 1040 3998 1102 4049; x_wconf 89' lang='lat' dir='ltr'>et</span> <span class='ocrx_word' id='word_1_378' title='bbox 1128 3990 1187 4050; x_wconf 89' lang='lat' dir='ltr'>in</span> <span class='ocrx_word' id='word_1_379' title='bbox 1217 4010 1309 4063; x_wconf 90' lang='lat' dir='ltr'>ea,</span> <span class='ocrx_word' id='word_1_380' title='bbox 1348 4001 1409 4053; x_wconf 89' lang='lat' dir='ltr'>et</span> <span class='ocrx_word' id='word_1_381' title='bbox 1436 3993 1495 4051; x_wconf 92' lang='lat' dir='ltr'>in</span> <span class='ocrx_word' id='word_1_382' title='bbox 1524 3992 1656 4052; x_wconf 88' lang='lat' dir='ltr'>aliis</span> <span class='ocrx_word' id='word_1_383' title='bbox 1684 3991 2012 4058; x_wconf 83' lang='lat' dir='ltr'>factitatum</span> <span class='ocrx_word' id='word_1_384' title='bbox 2038 3999 2130 4049; x_wconf 87' lang='lat' dir='ltr'>est</span> <span class='ocrx_word' id='word_1_385' title='bbox 2155 4007 2174 4049; x_wconf 91' lang='lat'>:</span> <span class='ocrx_word' id='word_1_386' title='bbox 2217 3986 2372 4046; x_wconf 83' lang='lat' dir='ltr'>sicut</span> <span class='ocrx_word' id='word_1_387' title='bbox 2396 3987 2456 4045; x_wconf 90' lang='lat' dir='ltr'>in</span> <span class='ocrx_word' id='word_1_388' title='bbox 2485 3986 2685 4045; x_wconf 79' lang='lat' dir='ltr'>Eunu·</span> 
     </span>
     <span class='ocr_line' id='line_1_39' title="bbox 497 4081 2684 4169; baseline 0 -28"><span class='ocrx_word' id='word_1_389' title='bbox 497 4081 643 4143; x_wconf 88' lang='lat' dir='ltr'>cho:</span> <span class='ocrx_word' id='word_1_390' title='bbox 686 4088 703 4116; x_wconf 78' lang='lat'><em>⁴</em></span> <span class='ocrx_word' id='word_1_391' title='bbox 731 4083 865 4142; x_wconf 88' lang='lat' dir='ltr'>Una</span> <span class='ocrx_word' id='word_1_392' title='bbox 889 4084 971 4143; x_wconf 89' lang='lat' dir='ltr'>ire</span> <span class='ocrx_word' id='word_1_393' title='bbox 998 4105 1133 4147; x_wconf 89' lang='lat' dir='ltr'>cum</span> <span class='ocrx_word' id='word_1_394' title='bbox 1165 4088 1355 4148; x_wconf 88' lang='lat' dir='ltr'>amica</span> <span class='ocrx_word' id='word_1_395' title='bbox 1381 4088 1786 4169; x_wconf 83' lang='lat' dir='ltr'>imperatorem</span> <span class='ocrx_word' id='word_1_396' title='bbox 1834 4089 1894 4147; x_wconf 90' lang='lat' dir='ltr'>in</span> <span class='ocrx_word' id='word_1_397' title='bbox 1923 4088 2021 4147; x_wconf 89' lang='lat' dir='ltr'>via</span> <span class='ocrx_word' id='word_1_398' title='bbox 2045 4105 2060 4145; x_wconf 93' lang='lat'>:</span> <span class='ocrx_word' id='word_1_399' title='bbox 2081 4086 2098 4110; x_wconf 92' lang='lat'>&#39;</span> <span class='ocrx_word' id='word_1_400' title='bbox 2155 4085 2214 4143; x_wconf 89' lang='lat' dir='ltr'>in</span> <span class='ocrx_word' id='word_1_401' title='bbox 2244 4081 2508 4146; x_wconf 84' lang='lat' dir='ltr'>secunda</span> <span class='ocrx_word' id='word_1_402' title='bbox 2529 4086 2684 4144; x_wconf 85' lang='lat' dir='ltr'>enim</span> 
     </span>
     <span class='ocr_line' id='line_1_40' title="bbox 498 4177 2683 4268; baseline -0.001 -26"><span class='ocrx_word' id='word_1_403' title='bbox 498 4177 641 4242; x_wconf 76' lang='lat' dir='ltr'>sede</span> <span class='ocrx_word' id='word_1_404' title='bbox 668 4178 940 4260; x_wconf 82' lang='lat' dir='ltr'>dactylus</span> <span class='ocrx_word' id='word_1_405' title='bbox 964 4190 1077 4256; x_wconf 84' lang='lat' dir='ltr'>est,</span> <span class='ocrx_word' id='word_1_406' title='bbox 1105 4202 1296 4268; x_wconf 87' lang='lat' dir='ltr'>neque</span> <span class='ocrx_word' id='word_1_407' title='bbox 1317 4186 1658 4265; x_wconf 76' lang='lat' dir='ltr'>praepositio</span> <span class='ocrx_word' id='word_1_408' title='bbox 1687 4184 2023 4248; x_wconf 87' lang='lat' dir='ltr'>colliditur:</span> <span class='ocrx_word' id='word_1_409' title='bbox 2082 4182 2167 4242; x_wconf 88' lang='lat' dir='ltr'>ita</span> <span class='ocrx_word' id='word_1_410' title='bbox 2202 4179 2266 4243; x_wconf 89' lang='lat' dir='ltr'>iu</span> <span class='ocrx_word' id='word_1_411' title='bbox 2309 4178 2413 4243; x_wconf 90' lang='lat' dir='ltr'>illo</span> <span class='ocrx_word' id='word_1_412' title='bbox 2460 4178 2511 4239; x_wconf 88' lang='lat' dir='ltr'>si</span> <span class='ocrx_word' id='word_1_413' title='bbox 2538 4195 2683 4241; x_wconf 75' lang='lat' dir='ltr'>con·</span> 
     </span>
    </p>
   </div>
   <div class='ocr_carea' id='block_1_5' title="bbox 3026 2953 3027 3538">
    <p class='ocr_par' dir='ltr' id='par_1_5' title="bbox 3026 2953 3027 3538">
     <span class='ocr_line' id='line_1_41' title="bbox 3026 2953 3027 3538; baseline 0 0"><span class='ocrx_word' id='word_1_414' title='bbox 3026 2953 3027 3538; x_wconf 95' lang='lat' dir='ltr'> </span> 
     </span>
    </p>
   </div>
  </div>
 </body>
</html>
