3050 4942
513 354 643 426 122
1437 356 1772 412 nunnus

673 512 801 573 Nec
830 512 889 571 in
917 506 1137 589 bicipiti
1167 506 1493 568 somniasse
1522 504 1841 564 Parnasso.

515 611 608 671 De
634 609 835 671 metris
864 606 1139 668 comicis:

670 708 1063 774 Tetrametros
1091 702 1500 781 trimetrosquc
1527 698 1686 778 capit
1716 693 2022 758 Comoedia
2049 712 2275 754 versus.

672 804 1095 864 Tetrametrum
1122 801 1343 880 primus
1372 800 1554 859 fertur
1576 795 1849 876 posuisse
1879 791 2151 863 Boiscus,

676 901 948 967 Creticon
978 896 1363 957 Archilochus
1394 896 1654 955 trimetro
1682 889 2092 971 superaddidit
2116 888 2352 966 ingens,

674 994 1171 1075 Amphibrachum
1201 994 1462 1056 trimetro
1492 990 1811 1069 Hipponax
1840 984 2119 1066 supponit
2146 983 2364 1045 iambo.

651 1093 949 1164 ‚Fulserat
974 1090 1088 1152 hac
1117 1088 1384 1160 Plautus,
1410 1085 1772 1168 pulcherque
1803 1082 2109 1144 Terentius
2137 1090 2283 1142 arte.

515 1187 897 1249 Terentianus
927 1187 1001 1270 de
1028 1187 1237 1247 iambis
1268 1184 1617 1246 Fabularum
1648 1182 1734 1244 sic
1760 1179 1921 1240 dicit.
1977 1245 1987 1252 κ

677 1285 966 1365 Culpatur
994 1294 1190 1344 autem
1215 1299 1419 1341 versus
1443 1281 1501 1339 in
1530 1276 1879 1357 TragoediiS,

681 1383 757 1442 Et
783 1401 945 1441 rarus
976 1380 1153 1439 intrat
1180 1398 1252 1437 ex
1279 1376 1489 1437 iambis
1518 1373 1811 1445 omnibus,

678 1479 760 1538 Ut
785 1476 884 1537 ille
911 1486 1116 1538 contra
1143 1474 1243 1555 qui
1268 1470 1530 1533 secundo
1557 1478 1619 1529 et
1645 1468 1863 1530 talibus

677 1574 1039 1657 Spondaeon,
1068 1584 1171 1633 aut
1196 1590 1369 1651 quem
1397 1586 1726 1647 comparem
1753 1562 2074 1643 receperit:

678 1671 797 1731 Sed
826 1670 927 1751 qui
957 1671 1256 1750 pedestres
1284 1665 1516 1727 fabulas
1547 1681 1723 1726 socco
1749 1669 2044 1740 premunt,

557 1787 573 1806 ¹
682 1768 764 1827 Ut
789 1787 923 1846 quoe
951 1766 1272 1845 loquuntur
1299 1771 1495 1823 sumta
1522 1760 1597 1820 de
1625 1760 1748 1820 vita
1774 1767 1968 1838 putes,

677 1863 904 1924 Vitiant
927 1864 1180 1924 iambum
1214 1860 1494 1921 tractibus
1524 1854 1882 1937 spondaicis,

682 1962 759 2021 Et
784 1962 841 2020 in
872 1958 1154 2030 secundo,
1182 1969 1243 2019 et
1267 1958 1326 2017 in
1356 1956 1564 2018 ceteris
1594 1973 1765 2033 aeque
1792 1952 1963 2014 locis.

684 2056 1006 2135 Fidemque
1034 2056 1186 2116 fictis
1216 2054 1353 2116 dum
1382 2064 1699 2133 procurant
1724 2048 1959 2120 fabulis,

681 2154 749 2213 In
779 2163 964 2212 metra
990 2162 1240 2230 peccant
1267 2161 1409 2221 arte,
1439 2168 1560 2207 non
1589 2146 1843 2215 inscitia,

679 2249 771 2308 Ne
801 2249 920 2308 sint
947 2267 1162 2309 sonora
1194 2248 1374 2307 verba
1399 2241 1869 2313 consuetudinis,

669 2343 1051 2422 =Paulumque
1079 2361 1279 2405 rursus
1312 2360 1347 2400 a
1375 2339 1584 2402 solutis
1611 2337 1904 2400 differant.

681 2440 862 2521 Mage
889 2441 1005 2501 ista
1031 2441 1215 2504 nostri
1237 2459 1253 2499 ε
1296 2458 1431 2502 nam
1455 2438 1577 2498 fere
1601 2435 1827 2498 Graecis
1852 2444 2030 2496 tenax

681 2538 836 2597 Cura
868 2547 960 2597 est
986 2537 1182 2609 iambi,
1208 2536 1303 2597 vel
1339 2535 1584 2598 novellis
1613 2531 1871 2603 comicia,

681 2635 793 2695 Vel
820 2634 920 2714 qui
950 2634 1010 2692 in
1036 2645 1271 2696 vetusta
1295 2634 1622 2713 praecluent
1650 2626 1976 2690 Comoedia.

679 2731 1093 2811 Aristophanis
1122 2730 1330 2810 ingens
1360 2715 1574 2795 emicat
1601 2725 1858 2796 solertia,

680 2829 796 2896 Qui
826 2849 984 2907 saepe
1014 2828 1213 2889 metris
1243 2825 1696 2893 multiformibus
1724 2838 1914 2884 novus

678 2925 1074 2985 Archilochon
1102 2934 1225 3011 arte
1254 2934 1347 2984 est
1373 2923 1685 2986 aemulatus
1713 2918 1962 2996 musica.

604 3070 854 3129 Sisenna
880 3068 938 3126 in
969 3068 1404 3128 Commentario
1434 3065 1665 3127 Poenuli
1694 3065 1985 3124 Plautinae
2015 3057 2256 3118 Fabulae
2287 3053 2407 3111 sic:
2454 3047 2698 3109 Haloni-

519 3186 622 3224 um
649 3164 815 3224 Poeni
846 3164 1049 3223 dicunt
1074 3164 1289 3237 Deum,
1329 3173 1391 3225 et
1429 3160 1814 3243 producenda
1854 3158 2082 3240 syllaba
2109 3151 2276 3212 metri
2305 3148 2494 3232 gratia
2517 3144 2702 3224 exigit

519 3263 767 3321 iambuS.
862 3262 867 3268 ’

601 3356 900 3417 Scaurus'
887 3376 945 3414 in
989 3347 1403 3416 commentario
1439 3316 1690 3415 Plauti
1674 3375 1734 3414 in
1784 3349 2081 3412 Pseudulo
2111 3343 2289 3406 dicit.
2333 3338 2518 3399 Malai
2546 3337 2692 3397 διαί-

517 3479 669 3536 ρεσις
694 3452 860 3513 metri
885 3470 1085 3512 causa.
1150 3445 1448 3511 scaurus
1433 3472 1493 3510 in
1523 3451 1729 3510 eadem
1760 3446 1986 3507 Fabula
2007 3444 2132 3503 sict
2177 3442 2351 3500 Nunc
2379 3436 2536 3505 iam3
2571 3436 2695 3515 jam

523 3548 719 3612 divisit
745 3549 802 3607 in
832 3547 982 3606 duas
1011 3546 1267 3626 syllabas
1294 3547 1459 3607 metri
1488 3565 1688 3607 causa.

579 3649 833 3712 Sisenna
858 3645 917 3703 in
940 3643 1213 3703 Rudente
1242 3643 1326 3703 sic
1351 3663 1366 3703 :
1410 3644 1548 3702 Fuit
1566 3652 1802 3702 extenta
1830 3638 2016 3718 prima
2044 3634 2274 3713 syllaba
2289 3628 2455 3691 metri
2477 3646 2694 3689 causa:

520 3758 580 3807 et
605 3756 810 3824 postea
848 3744 974 3802 sic·
1039 3741 1338 3802 Habiliore
1388 3751 1574 3800 metro
1622 3759 1767 3798 usus
1818 3747 1929 3806 est,
1976 3744 2040 3791 ut
2089 3730 2238 3789 solet
2287 3727 2344 3786 in
2391 3724 2694 3788 mulierum

519 3841 804 3903 oratione.
887 3838 1106 3898 Postea
1134 3840 1257 3898 sic:
1302 3839 1609 3898 Latronem
1635 3832 1905 3916 producit
1935 3828 2100 3889 metri
2126 3844 2327 3887 causa.
2453 3837 2460 3842 ·

599 3936 764 3995 Idem
822 3935 1073 3995 Sisenna
1126 3936 1186 3993 in
1236 3933 1660 4014 Amphytrione
1718 3930 1834 3988 sic:
1908 3925 2018 3984 His
2075 3909 2328 4001 quatuor
2383 3915 2694 3995 generibus

513 4031 781 4113 quintum
807 4030 1054 4103 accedit,
1082 4030 1157 4090 de
1184 4050 1397 4110 genere
1429 4048 1696 4090 versuum
1717 4024 1817 4105 qui
1845 4043 1961 4082 non
1992 4030 2132 4079 sunt
2150 4012 2508 4077 uniusmodi.

600 4127 765 4187 Idem
793 4124 1086 4186 Sisenna
1072 4147 1131 4185 m
1162 4126 1423 4207 Captivis
1452 4126 1572 4187 sic:
1619 4123 1734 4183 Hic
1762 4129 1968 4181 ornatu
1990 4119 2030 4176 S
2061 4115 2287 4174 literam
2316 4108 2484 4169 metri
2512 4122 2696 4167 causa

514 4224 726 4286 amisit.
