3050 4942
812 369 1172 420 DAMEMS
1223 367 1516 419 Hssmsu
1571 370 2096 419 DISSERTA'rlo.
2456 356 2549 424 89

342 516 554 596 partim
582 523 796 587 metus,
817 515 1033 595 'partim
1064 513 1197 593 ipsa
1226 512 1563 574 emendavit
1591 513 1776 573 ratior
1815 533 1949 574 cum
1977 524 2171 573 tamen
2204 514 2334 575 sola
2359 515 2540 577 risum

342 612 683 673 felicissime
733 621 1052 672 moverent.
1140 609 1327 670 Novae
1376 617 1573 669 autem
1619 628 1723 669 rex
1776 610 2169 689 princepsque
2216 612 2546 676 Menander

340 710 481 770 fuit:
510 709 682 788 cujus
710 728 991 788 expressa
1016 709 1214 786 imago
1243 726 1315 767 ac
1343 707 1569 786 effigies
1599 706 1930 768 TerentiuS.
2002 706 2194 774 Quem
2221 726 2358 767 cum
2385 719 2544 769 uter-

343 826 458 884 que
489 805 840 885 accepisset,
882 805 1296 885 Aristophanis
1325 805 1571 864 virtutes
1600 804 1714 863 hac
1745 803 2014 864 mercede
2043 805 2333 882 expressit
2364 806 2544 866 Plau-

340 911 457 976 tus,
486 911 557 962 ut
583 922 696 962 nec
724 922 927 962 omnes
957 913 1181 981 posset,
1224 902 1412 982 (quod
1445 911 1504 962 et
1532 901 1755 981 linguae
1795 900 2126 975 diversitas,
2155 912 2216 962 et
2242 902 2543 963 Romano-

340 1020 467 1060 rum
499 1001 692 1081 leges,
719 1013 781 1062 et
806 1013 1091 1083 tempora,
1121 1021 1192 1062 ac
1222 1001 1811 1088 Rerumpublicarum
1841 1001 1990 1061 ratio
2019 1001 2278 1073 vetabat,
2307 1001 2543 1062 sublata
2592 1051 2617 1064 ..

325 1095 450 1175 jam
479 1097 878 1159 maledicendi
906 1098 1197 1172 libertate,
1246 1118 1381 1178 quae
1423 1098 1742 1179 praecipua,
1793 1098 1954 1176 quod
1983 1116 2155 1156 nemo
2186 1098 2396 1172 nescit,
2447 1107 2544 1159 τοῦ

335 1200 570 1269 γελοίου
617 1215 754 1274 pars
802 1198 941 1272 est,)
988 1207 1051 1256 et
1099 1215 1488 1275 quaecumque
1536 1195 1596 1256 in
1655 1194 2053 1273 Aristophane
2099 1194 2452 1255 Plutarchus
2501 1214 2540 1255 a

336 1296 638 1352 communi
670 1292 1099 1353 consuetudine
1128 1291 1410 1371 loquendi
1439 1292 1749 1351 abhorrere
1778 1300 1966 1363 notat,
2005 1290 2300 1351 retineret.
2383 1291 2539 1351 Nam

334 1397 394 1446 et
413 1396 557 1448 κατὰ
582 1392 681 1451 τὸν
703 1390 977 1463 λεκτικὸν,
1003 1400 1071 1449 ut
1095 1389 1297 1449 critici
1328 1390 1669 1468 loquuntur,
1698 1392 1789 1449 καὶ
1815 1391 1914 1449 τὸν
1941 1399 2032 1460 τῆς
2056 1388 2308 1448 διανοίας
2335 1392 2539 1466 τρόπον

241 1565 252 1573 .
335 1488 633 1563 θυμελικὰς
659 1498 773 1558 est,
820 1497 883 1546 et
909 1486 1236 1557 theatralis,
1287 1505 1408 1546 non
1436 1487 1734 1558 πολιτικὸς,
1785 1506 1978 1566 neque
2005 1491 2074 1569 τῇ
2102 1490 2244 1546 κατά
2271 1489 2372 1557 τὴν
2395 1490 2538 1557 ἀλή-

333 1585 496 1640 θειαν
537 1581 668 1661 ἰδέᾳ
692 1582 1001 1661 διαπρέπει·
1047 1603 1241 1662 neque
1268 1584 1551 1662 pauciora
1578 1584 1826 1654 addidit,
1872 1583 1932 1642 in
1978 1583 2194 1662 quibus
2224 1583 2366 1643 dum
2395 1582 2536 1642 ridi-

331 1678 504 1738 culus
531 1678 721 1739 videri
751 1680 898 1753 vult,
942 1678 1194 1759 frigidus
1222 1699 1292 1740 ac
1320 1679 1567 1741 odiosus
1595 1681 1681 1753 fit,
1725 1679 1886 1758 quod
1937 1698 2057 1738 non
2086 1689 2376 1751 nostrum,
2424 1677 2534 1739 sed

335 1773 569 1834 Horatii
594 1774 887 1855 judicium
929 1785 1043 1849 est,
1086 1786 1147 1836 et
1189 1776 1449 1842 Donati:
1492 1796 1645 1857 quos
1685 1789 1967 1856 utrosque
2014 1785 2307 1835 emunctae
2355 1777 2533 1848 naris,

272 1943 276 1946 Α
331 1880 614 1949 utrosque
643 1871 994 1933 criticorum
1025 1873 1243 1952 primos
1275 1893 1385 1933 suo
1413 1883 1678 1953 tempore
1720 1874 1927 1945 fuisse,
1970 1882 2224 1933 constat.
2306 1871 2426 1931 Sed
2472 1881 2534 1931 et

327 1967 387 2033 in
416 1967 705 2042 dicterii8‚
734 1968 809 2030 de
828 1990 947 2049 quo
962 1970 1091 2050 jam
1119 1970 1483 2044 dicebamus,
1511 1970 1596 2031 ita
1617 1971 1891 2031 Veterem
1918 1968 2281 2029 Comoediam
2312 1968 2532 2028 amavit

332 2064 604 2138 Plautus,
658 2076 722 2125 ut
770 2066 848 2127 ad
899 2085 1030 2127 eam
1078 2087 1239 2148 saepe
1285 2069 1506 2141 flectat,
1551 2077 1614 2128 et
1646 2066 1810 2147 quod
1839 2068 2135 2149 proprium
2163 2066 2222 2125 in
2252 2064 2354 2125 illa
2381 2075 2527 2135 erat,

330 2161 671 2236 ἐπωνύμως,
718 2172 780 2223 et
805 2182 1086 2250 expresso
1116 2164 1372 2236 nomine,
1408 2174 1508 2223 aut
1537 2162 2093 2236 circumscribendO,
2141 2182 2260 2223 non
2289 2172 2412 2222 tam
2440 2162 2527 2221 vi-

328 2265 446 2317 tam
473 2258 804 2334 hominum,
831 2280 1008 2339 quam
1040 2260 1338 2321 hominem
1366 2261 1743 2341 perstringat.
1829 2259 1994 2319 Utin
2023 2258 2162 2320 illo:

491 2388 689 2449 Etiam
718 2389 1047 2469 Epidicum,
1077 2411 1253 2471 quam
1281 2410 1395 2471 ego
1425 2392 1711 2452 Fabulam
1735 2411 1905 2471 aeque
1935 2410 2005 2451 ac
2026 2411 2119 2450 me
2147 2391 2339 2470 ipsum
2369 2407 2523 2463 amo,

485 2485 731 2546 Nullam
759 2508 928 2566 aeque
955 2488 1171 2549 invitus
1202 2499 1429 2568 specte,
1469 2490 1519 2550 si
1548 2509 1679 2550 eam
1708 2490 1833 2570 agit
1859 2488 2070 2549 Pellio.

325 2628 446 2689 Sed
474 2638 536 2689 et
563 2629 968 2691 crudelissime
995 2632 1292 2693 infelicem
1322 2634 1596 2696 Naevium
1625 2634 1818 2695 Milite
1847 2635 2116 2713 excepit:

485 2760 643 2819 Nam
672 2780 740 2821 os
770 2761 1172 2823 columnatum
1202 2763 1408 2828 Poetae
1434 2765 1630 2823 inesse
1658 2762 1856 2822 audivi
1880 2764 2150 2834 barbaro,

484 2855 599 2916 Cui
623 2855 747 2916 bini
775 2859 1055 2920 custodes
1085 2878 1317 2940 semper
1343 2861 1483 2919 totis
1510 2859 1667 2920 horis
1698 2859 2008 2919 accubant.

323 2991 576 3054 Videtur
604 2994 806 3056 audire
834 2996 1034 3057 κώδιον
1064 2999 1369 3077 Κρατίνου,
1398 3008 1460 3058 et
1484 3018 1622 3080 quae
1651 2997 1876 3077 reliqua
1901 2996 1960 3055 in
1983 2994 2180 3056 Veteri
2211 2994 2518 3058 Comoedia

322 3100 655 3166 occurrunt,
682 3093 787 3165 ὅση
816 3096 980 3154 κόνις.
1032 3095 1186 3154 Nam
1217 3094 1295 3154 ad
1319 3095 1733 3176 Aristophanis
1760 3096 1822 3155 τὸ
1853 3096 2100 3154 εὔθικτον
2126 3093 2340 3154 frustra
2371 3113 2515 3153 sane

323 3186 623 3268 aspiravit.
707 3188 857 3257 Quis
884 3190 1040 3250 enim
1066 3191 1185 3251 risu
1217 3211 1334 3251 non
1380 3192 1675 3266 emoritur,
1722 3210 1859 3252 cum
1888 3191 2258 3253 vinositatem
2288 3189 2514 3252 Cratini

321 3285 552 3366 excepit
579 3286 746 3346 Irene
769 3286 795 3345 ἲ
1349 3287 1351 3291 ⁸

471 3415 566 3494 Εἰ.
608 3415 686 3478 Τί
713 3414 778 3474 δὲ
805 3417 1079 3493 Κρατῖνος
1108 3416 1139 3473 ὁ
1169 3419 1334 3497 σοφός
1362 3418 1516 3476 ἐστιν
1541 3438 1558 3486 ;
1641 3418 1750 3496 Τρ.
1778 3415 2121 3488 Ἀπέθανον,

462 3511 601 3570 Ὄθ’
626 3513 679 3571 οἶ
706 3511 976 3574 Λάκωνες
1000 3513 1304 3589 ἐνέβαλον.
1386 3514 1477 3574 ΕΣ.
1504 3515 1582 3574 Τι’
1608 3517 1840 3588 παθώνς
1910 3500 2015 3593 Tp.
2043 3516 2150 3585 '‘O,
2181 3532 2265 3582 τις

476 3608 807 3687 Ὠρακιᾶσαε
832 3613 926 3688 (οὗ
948 3615 1064 3688 γάρ
1092 3614 1451 3692 ἐξηνέσχετο)
1522 3646 1528 3653 -

333 3745 338 3750 ·
471 3704 629 3767 Ἰδὼν
656 3712 822 3768 πίθον
847 3710 1271 3789 ὲαταγνΰμενον
1300 3711 1456 3768 οἴνου
1482 3713 1680 3771 πλέον.

318 3797 388 3862 Id
412 3809 507 3862 est
527 3821 546 3861 :v

469 3899 543 3959 P.
588 3900 839 3979 Sapiens
866 3911 1062 3966 autem
1092 3903 1370 3964 Cratinus
1399 3902 1547 3983 quid
1577 3900 1751 3982 agit?
1829 3902 1947 3961 Ta.
1978 3900 2164 3973 Obiit,

475 3996 628 4057 Cum
657 3997 919 4059 Lacones
947 4000 1063 4062 huc
1089 4002 1396 4070 irruerent.
1454 4000 1524 4061 P.
1556 4000 1691 4069 Quo
1719 3996 1969 4058 morbo?
2008 3997 2126 4059 Tu.
2157 3996 2339 4068 Quo?

475 4092 694 4155 Misere
720 4096 942 4175 pallere
966 4098 1146 4178 coepit
1170 4099 1343 4176 (ferre
1372 4098 1528 4159 enim
1553 4096 1669 4158 hoc
1698 4115 1818 4156 non
1846 4096 2062 4176 potuit)

474 4187 692 4271 Frangi
718 4213 854 4254 cum
879 4194 1103 4255 videret
1125 4196 1260 4256 vino
1287 4196 1530 4275 plenum
1560 4191 1805 4266 dolium.
