3050 4942
1026 385 1300 436 vrcron
1352 385 1445 433 us
1491 385 1871 434 commum.
2454 374 2542 439 53

345 540 455 591 teS.
543 528 818 610 Denique
846 550 953 611 per
972 549 1094 591 non
1121 529 1289 591 tritas
1319 529 1557 590 dicendi
1608 529 1828 609 figuras
1866 531 2226 610 elegantiam
2259 532 2533 613 alicujus,

347 637 447 686 aut
475 626 621 687 rude
648 626 950 707 ingenium
978 626 1391 707 exprimentes,
1437 626 1729 686 theatrum
1760 646 1933 687 omne
1959 626 2077 688 risu
2107 628 2541 693 diffundebant.

345 716 562 784 Verum
591 725 725 785 haec
752 726 1027 786 universa
1055 725 1218 785 nihili
1248 744 1671 804 nonnunquam
1704 736 1893 797 erant,
1936 726 2048 784 nisi
2076 745 2278 786 vocem
2308 727 2542 788 histrio·

345 840 450 881 nes
499 822 755 898 singulis
799 821 1209 883 adhibuissent
1249 821 1796 882 accommodatam:
1840 822 2321 903 quandoquidem
2349 828 2539 887 omnis

345 919 665 980 oblectatio
695 920 1015 980 Comoediae
1044 919 1468 1000 propemodum
1498 921 1560 979 in
1590 920 1823 982 actione
1851 920 2145 981 consistit.
2232 922 2541 986 Hactenus

346 1027 545 1077 autem
575 1038 711 1098 quae
737 1018 1011 1092 diximus,
1038 1020 1197 1079 bono
1225 1018 1418 1079 omine
1448 1018 1811 1097 procedant:
1856 1038 1931 1079 ne
1957 1019 2124 1098 (licet
2164 1019 2303 1081 huic
2344 1021 2540 1083 libello

344 1114 418 1174 de
473 1116 772 1196 perplexis
826 1115 979 1177 adeo
1027 1116 1453 1195 quaestionibus
1500 1118 1864 1197 propositum
1910 1137 2029 1177 nou
2080 1118 2158 1178 sit
2212 1117 2542 1199 disputare)

342 1211 516 1273 nimis
548 1215 737 1274 multa
763 1232 896 1274 esse
923 1212 1254 1274 videantur.

424 1311 488 1369 Si
531 1311 802 1373 funditus
833 1312 1060 1373 Latinae
1091 1311 1418 1373 Comoedioe
1447 1331 1682 1393 quaeras
1729 1314 2059 1393 perspicere
2102 1311 2538 1374 conditionem:

338 1407 606 1487 inprimis
635 1408 761 1488 ejus
790 1409 1073 1489 originem
1101 1429 1209 1489 par
1230 1429 1362 1471 esse
1390 1409 1638 1470 arbitror
1661 1428 1781 1470 non
1813 1409 2082 1489 ignorare
2106 1428 2121 1471 :
2151 1410 2371 1490 quippe
2400 1429 2537 1471 cum

340 1505 420 1564 ad
450 1525 563 1566 nos
592 1526 626 1567 e
658 1506 871 1567 Graeco
900 1507 1064 1568 fonte
1092 1506 1356 1568 derivata
1381 1527 1484 1588 per
1512 1507 1751 1568 Latinos
1780 1509 1951 1586 quasi
1989 1507 2263 1571 traduces
2297 1525 2540 1568 emana-

342 1602 437 1661 rit.
525 1603 595 1662 In
624 1604 906 1665 Veterum
932 1605 1135 1685 itaque
1182 1606 1396 1666 fabulis
1442 1607 1703 1686 quinque
1748 1605 2054 1684 perhibent
2092 1625 2226 1665 esse
2266 1604 2540 1666 differen-

342 1701 476 1772 tias,
505 1712 838 1782 temporum
866 1703 1114 1777 scilicet,
1157 1703 1314 1785 styli,
1360 1703 1645 1775 materiae,
1688 1723 2082 1777 numerorum,
2111 1714 2172 1764 et
2197 1715 2539 1783 apparatu&

345 1799 535 1859 Nobis
574 1800 754 1879 igitur
796 1812 1064 1881 tempora
1110 1801 1650 1876 considerantibus,
1691 1801 1805 1862 tria
1846 1800 2279 1861 comoediarum
2323 1821 2543 1880 genera

344 1916 474 1957 sese
504 1897 761 1958 offerunt
785 1898 1228 1979 distinguenda.
1312 1900 1571 1960 Primum
1600 1900 1755 1960 enim
1783 1904 1897 1972 est,
1924 1898 2083 1978 quod
2114 1917 2233 1958 una
2260 1917 2392 1957 curn
2423 1892 2538 1958 Pe-

341 1993 822 2073 loponnesiorum
848 1998 1111 2078 imperio,
1142 2000 1482 2072 Susarione,
1503 1998 1595 2059 vel
1625 1997 1974 2057 Sannirione
1993 1995 2191 2056 floruit
2211 1995 2534 2058 inventore.

343 2092 636 2164 Alterum,
671 2093 835 2175 quod
863 2097 937 2156 ab
965 2094 1254 2176 impositis
1282 2111 1391 2177 per
1415 2095 1898 2157 Lacedaemonios
1926 2092 2376 2154 Atheniensium
2413 2112 2540 2153 cer-

344 2188 571 2251 vicibus
600 2189 844 2270 triginta
867 2193 1040 2271 quasi
1058 2192 1210 2273 jugo
1238 2194 1502 2275 tyrannis
1532 2193 1610 2253 ad
1640 2201 1875 2253 oetatem
1904 2211 2093 2271 usque
2121 2190 2377 2271 Philippi
2406 2189 2540 2252 Ma-

344 2285 589 2346 cedonis
633 2297 727 2349 est
768 2300 1183 2370 propagatum,
1231 2290 1509 2353 videlicet
1554 2311 1658 2370 per
1703 2309 1892 2351 annos
1938 2289 2170 2349 circiter
2210 2288 2540 2367 sexaginta.

344 2383 637 2458 Tertium„
673 2384 834 2465 quod
879 2388 954 2447 ab
982 2387 1304 2449 Alexandri
1344 2388 1704 2469 temporibus
1732 2386 1883 2448 adeo
1911 2387 2169 2447 faustum
2199 2385 2409 2447 sumsit
2430 2385 2543 2445 ini·

344 2481 512 2553 tium,
553 2492 625 2541 ut
660 2482 834 2543 etiam
885 2502 923 2543 a
963 2484 1188 2546 Latinis
1234 2486 1295 2544 in
1338 2486 1657 2566 praesentia
1695 2483 2039 2545 celebretur.
2123 2484 2543 2545 Verumtamen

342 2598 458 2657 ego
486 2578 859 2640 Comoediam
898 2579 1177 2643 Graecum
1220 2602 1354 2643 esse
1396 2583 1698 2643 inventum
1741 2580 1979 2641 minime
2028 2581 2310 2640 arbitror:
2352 2598 2544 2658 neque

340 2678 436 2751 (ut
462 2674 727 2735 Thomas
758 2675 1068 2757 Magister,
1113 2688 1178 2739 et
1201 2698 1337 2739 eum
1365 2678 1574 2751 secuti,
1620 2677 1895 2736 videntur
1937 2677 2257 2752 aestimare)
2284 2677 2358 2735 ab
2386 2677 2541 2755 agri·-

336 2771 495 2831 .colis
524 2773 740 2833 civium
783 2770 1024 2854 injurias
1052 2775 1548 2856 conquerentibus
1578 2793 1711 2835 esse
1738 2772 2082 2833 derivatam.
2166 2772 2299 2832 Hoc
2327 2790 2540 2850 nempe

342 2887 589 2929 causam
622 2870 976 2950 aspe-ritatiS,
1003 2881 1066 2933 et
1080 2873 1409 2953 jurgiorum
1438 2874 1499 2932 in
1527 2872 1728 2933 Veteri
1757 2870 2066 2931 Comoedia
2090 2869 2321 2933 reddit:
2364 2888 2541 2949 quam

344 2983 483 3025 mox
512 2965 626 3044 ipsi
652 2965 830 3046 longe
860 2967 1033 3045 aliam
1061 2989 1194 3029 esse
1224 2968 1564 3030 docebimus
1589 2989 1606 3030 :
1636 2989 1830 3049 neque
1856 2967 2089 3028 videtur
2110 2967 2446 3048 quicquam,
2476 2977 2546 3026 ut

344 3082 498 3134 reor,
529 3062 609 3121 ad
640 3063 964 3125 Comoedias
1004 3066 1324 3146 primordia
1347 3068 1679 3147 pertinere:
1722 3066 2001 3146 quoniam
2037 3065 2331 3145 Orpheus,
2368 3084 2545 3144 quem

347 3170 588 3220 constat
633 3181 739 3240 per
787 3172 1026 3221 centum
1076 3163 1324 3243 amplius
1372 3183 1562 3224 annos
1619 3173 1758 3224 ante
1808 3162 2048 3242 Trojani
2094 3161 2234 3221 belli
2281 3173 2546 3240 tempora

346 3256 591 3328 vixisse,
648 3259 760 3317 sub
806 3257 1206 3320 Laomedonte
1257 3260 1507 3333 scilicet,
1560 3280 1630 3320 ac
1673 3259 1924 3319 Athenis
1967 3260 2155 3338 AEgeo
2193 3258 2544 3338 imperante,

350 3353 573 3413 Bacchi
621 3356 903 3435 mysteria
946 3358 1020 3416 ab
1049 3356 1341 3438 AEgyptiis
1371 3358 1585 3418 tralata
1614 3358 1737 3418 suis
1766 3356 2199 3416 Thracensibus
2243 3355 2544 3417 indicavit.

349 3451 533 3529 Atqui
567 3451 914 3526 Comoediae,
953 3452 1448 3533 quemadmodum
1492 3453 1649 3515 idem
1678 3453 1887 3515 asserit
1913 3453 2192 3526 Thomas,
2221 3452 2371 3514 veris
2398 3445 2568 3513 tem?

349 3567 491 3626 pore
541 3548 603 3606 in
651 3548 1121 3610 Bacchanalibus
1166 3552 1514 3629 agebantur.
1600 3550 1773 3612 Unde
1821 3550 1999 3613 etiam
2043 3544 2204 3628 apud
2243 3548 2545 3610 Romanos

352 3662 454 3704 ara
483 3644 692 3704 Libero
719 3645 871 3724 patri
902 3665 1074 3707 sacra
1099 3648 1158 3707 in
1202 3646 1410 3709 dextro
1450 3647 1630 3708 latere
1682 3668 1898 3720 scenae,
1941 3644 2441 3727 quemadmodum
2468 3645 2550 3705 ait

354 3739 653 3814 Donatus,
682 3743 774 3803 vel
801 3742 1141 3817 orchestrae,
1168 3754 1236 3803 ut
1262 3743 1496 3815 Pollux,
1527 3763 1755 3822 semper
1782 3744 2133 3824 erigebatur,
2171 3740 2332 3820 quod
2363 3741 2548 3801 maxi-

352 3855 514 3897 mum
544 3849 645 3898 est
670 3849 1103 3918 argumentum,
1139 3860 1177 3900 a
1204 3841 1425 3901 Bacchi
1451 3840 1754 3922 mysteriis
1774 3859 1945 3901 omne
1976 3838 2329 3898 Fabularum
2355 3858 2547 3917 genus

352 3954 485 3994 esse
515 3935 909 4016 depromtum.
992 3938 1061 3998 Id
1109 3939 1392 4000 Horatius
1436 3939 1648 4010 innuit,
1694 3957 1829 3999 cum
1857 3946 2250 4016 spectatorem
2276 3945 2337 3995 et
2364 3935 2548 3996 sacris

353 4031 645 4111 functum,
691 4045 754 4095 et
787 4045 991 4114 potum
1031 4035 1310 4115 appellat.
1394 4034 1512 4097 Par
1542 4046 1637 4096 est
1677 4035 1853 4114 igitur
1890 4032 2175 4104 arbitrari,
2215 4033 2402 4112 prima
2430 4032 2549 4094 Co-

354 4127 588 4188 moediae
618 4132 844 4192 semina
871 4151 976 4211 per
998 4132 1297 4214 Orpheum
1322 4134 1397 4195 ab
1419 4135 1680 4215 AEgypto
1702 4132 1761 4192 in
1785 4131 2077 4203 Graeciam
2107 4129 2288 4189 fuisse
2317 4127 2546 4189 delata:

357 4225 516 4287 unde
542 4228 852 4307 complura
896 4248 1016 4291 non
1061 4231 1335 4312 Orpheus
1373 4232 1575 4308 modo,
1617 4248 1819 4297 verum
1845 4239 1920 4291 et
1963 4228 2064 4291 alii
2104 4226 2549 4289 transtulerunt.
2586 4215 2593 4221 ’
