3050 4942
556 365 691 453 270
1401 385 1903 435 ARGUMENTA.

557 527 615 586 in
648 525 954 587 Comoedia
994 526 1266 599 Palliata,
1307 538 1520 606 praeter
1548 528 1974 589 invocationem
2002 529 2255 589 ,lunonis
2287 529 2567 598 Lucinae:
2614 549 2745 608 qnae

557 636 618 685 et
645 624 776 704 ipsa
801 620 1037 704 quoque
1067 635 1207 705 post
1236 644 1475 685 scenam
1503 624 1628 685 fieri
1657 624 1825 687 solet.

560 808 875 872 tus,puellas
891 809 1130 859 liberales
1149 824 1399 874 nusquam
1417 810 1471 859 in
1490 809 1614 859 Pal·
1695 807 2006 858 Curculione
2052 807 2367 870 Planesium,
2415 808 2467 857 in
2525 807 2747 871 Epidico

557 883 683 932 liata
715 881 983 932 Comoedia
1019 883 1192 948 loqui:
1227 884 1449 950 loquitur
1478 885 1611 933 enim
1694 885 1842 948 virgo
1885 885 1976 934 illa
2025 885 2412 949 Stratippoclis,
2449 884 2568 934 aliae
2614 884 2748 933 alibi.

557 960 612 1010 in
670 959 957 1011 Heautont.
1001 958 1292 1025 Antiphila,
1332 960 1386 1009 in
1432 960 1612 1009 Plauti
1702 963 1847 1012 West.

1339 1210 1948 1247 π

818 1422 997 1471 AEml
1050 1421 1337 1470 DONATI
1386 1422 1929 1471 ARGUMENTUM
1980 1420 2060 1468 ΙΝ
2109 1419 2494 1467 ANDRIAM.

557 1553 832 1605 Cunnum
854 1553 1086 1619 Atticus,
1107 1561 1259 1620 pater
1280 1553 1540 1605 Pasibula:
1562 1560 1619 1604 et
1641 1554 1982 1617 Philumenae,
2004 1564 2121 1604 cum
2141 1568 2207 1603 ex
2237 1553 2317 1603 his
2354 1552 2554 1602 duabus
2574 1565 2631 1602 se
2652 1551 2752 1601 Pa-

619 1635 839 1688 sibulam
874 1636 1163 1701 perdidisse
1202 1635 1333 1687 falso
1376 1636 1638 1700 crederet,
1675 1637 1908 1686 relictam
1951 1634 2191 1700 Athenis,
2227 1649 2325 1685 nec
2365 1633 2525 1683 visam
2573 1639 2755 1696 postea

619 1717 780 1769 multo
805 1725 1058 1783 tempore,
1089 1724 1338 1783 tanquam
1371 1716 1575 1767 unicam
1611 1715 1710 1766 sibi
1744 1715 1970 1780 putabat
2004 1715 2399 1766 Philumenam:
2432 1727 2589 1778 quam
2623 1713 2756 1762 Cha·

620 1798 761 1848 rinus
805 1799 1109 1849 adolescens
1142 1798 1477 1850 Atheniensis
1515 1798 1792 1848 adamabat
1827 1797 1996 1861 unice,
2030 1803 2085 1846 et
2121 1795 2221 1845 sibi
2261 1794 2476 1860 petebat
2521 1809 2758 1845 uxorem.

620 1879 723 1929 Sed
763 1885 916 1944 pater
960 1895 1073 1930 eam
1113 1880 1390 1945 Pamphilo
1426 1879 1631 1930 cuidam
1669 1878 1891 1929 Simonis
1925 1877 2034 1928 filio
2069 1878 2209 1929 ultro
2250 1874 2634 1940 desponderat:
2672 1874 2757 1940 qni

618 1960 921 2024 Pamphilus
944 1966 1129 2012 contra
1166 1975 1392 2015 sororem
1426 1960 1713 2024 Chrysidis,
1733 1975 1796 2011 ac
1819 1959 2145 2025 peregrinam
2181 1965 2287 2009 tnm
2311 1957 2585 2017 creditam,
2607 1956 2758 2006 Pasi-

621 2041 794 2091 bulam
827 2057 986 2108 supra
1019 2042 1233 2104 dictam,
1257 2042 1474 2092 alteram
1498 2042 1791 2092 Chremetis
1825 2039 2005 2102 filiam,
2037 2040 2131 2090 suh
2166 2040 2371 2089 nomine
2410 2038 2673 2103 Glycerii,
2688 2038 2760 2086 la·

620 2128 797 2173 tenter
818 2123 893 2173 sic
918 2125 1129 2186 amavit,
1151 2131 1208 2173 ut
1229 2130 1296 2173 e'x
1318 2138 1384 2173 ea
1414 2122 1577 2172 filium
1610 2122 1930 2187 suscepisset
1967 2122 2131 2171 inscio
2156 2127 2320 2186 patre.
2387 2121 2508 2173 Qua
2529 2133 2587 2170 re
2609 2119 2760 2169 intel-

620 2203 776 2266 lecta,
801 2210 1091 2253 commotus
1125 2204 1267 2253 Simo
1301 2209 1451 2267 pater
1486 2203 1767 2267 Pamphili,
1791 2202 1912 2252 dum
1935 2216 2031 2268 per
2050 2202 2209 2253 falsas
2231 2203 2439 2266 nuptias
2458 2206 2632 2253 tentat
2656 2200 2760 2250 ani·

620 2297 761 2332 mum
796 2282 1074 2346 Pamphili,
1100 2283 1272 2332 multis
1314 2281 1532 2332 modisa
1559 2282 1709 2332 Davo
1745 2283 1861 2348 ipse
1899 2282 2162 2333 deluditur
2202 2298 2385 2334 servo:
2421 2282 2763 2347 periculoque

623 2363 834 2421 Charini
853 2369 909 2413 et
928 2363 1188 2429 Pamphili
1211 2371 1378 2413 motus
1404 2378 1552 2414 error
1572 2364 1625 2413 in
1650 2363 1847 2435 Fabula
1870 2379 2033 2429 usqne
2057 2365 2122 2415 ad
2145 2379 2260 2414 eum
2277 2364 2430 2414 finem
2450 2363 2643 2431 ductus
2668 2364 2767 2423 est,

618 2442 741 2494 dum
764 2444 995 2494 Athenas
1019 2445 1228 2494 veniens
1251 2444 1478 2494 Andrius
1503 2444 1711 2509 quidam
1731 2445 1879 2497 Crito
1903 2459 2010 2496 rem
2043 2445 2265 2510 aperiat,
2288 2454 2344 2495 et
2375 2444 2571 2494 nodum
2592 2443 2762 2493 Fabu-

618 2525 685 2574 1ae
707 2526 908 2575 solvat:
946 2535 1039 2591 per
1060 2541 1214 2591 quem
1244 2527 1424 2591 agnita
1461 2526 1710 2577 Pasibula
1743 2528 1993 2592 recipitur
2030 2543 2063 2578 a
2092 2526 2418 2591 parentibus,
2443 2530 2497 2574 et
2535 2525 2763 2575 traditur

620 2605 896 2671 Pamphilo
920 2595 1147 2659 amanti:
1182 2607 1488 2659 Philumena
1514 2622 1639 2659 vero
1674 2609 1898 2659 Charino
1930 2608 2301 2674 despondetur,
2321 2615 2378 2656 et
2413 2605 2641 2656 traditur
2673 2618 2761 2655 ex-

621 2688 849 2752 optanti.
915 2689 1206 2754 Perspecto
1231 2695 1558 2754 argnmento,
1581 2689 1716 2740 scire
1740 2689 2010 2752 debemus,
2032 2689 2164 2738 hanc
2189 2702 2303 2737 esse
2324 2688 2572 2737 virtutem
2595 2685 2764 2751 poeti-

622 2782 758 2834 cam,
778 2776 839 2820 ut
862 2785 896 2819 a
915 2769 1209 2822 novissimis
1243 2770 1533 2835 argumenti
1555 2768 1709 2819 rebus
1744 2769 2018 2833 incipiens,
2039 2768 2242 2818 initium
2267 2767 2494 2830 Fabulae,
2518 2772 2574 2816 et
2610 2767 2765 2831 origi-

622 2863 741 2898 nem
780 2852 1044 2900 narrative
1087 2849 1275 2900 reddat
1313 2849 1723 2913 spectatoribus:
1759 2855 2126 2914 auctoremque
2161 2853 2473 2912 praesentem
2508 2847 2608 2898 sibi
2631 2847 2770 2896 exhi·

623 2930 788 2994 beat,¹
815 2929 903 2980 nbi
926 2929 1044 2980 finis
1063 2937 1145 3003 est
1167 2930 1405 2983 Fabulae.
1474 2930 1632 2980 Hunc
1654 2932 1792 2981 enim
1816 2930 1996 2981 orbem
2010 2929 2037 2956 ²
2069 2936 2126 2980 et
2144 2926 2393 2980 circulum
2415 2926 2641 2992 poetica
2663 2928 2765 2977 vlr-

623 3009 786 3059 tutis³
822 3025 930 3059 non
961 3009 1116 3060 modo
1152 3011 1315 3061 secuti
1338 3020 1458 3061 sunt
1478 3012 1688 3076 Tragici
1722 3012 2022 3077 Comicique
2056 3005 2345 3061 Auctores:
2380 3010 2471 3060 sed
2509 3001 2766 3059 Homerus

625 3090 786 3139 etiam
828 3097 885 3139 et
917 3090 1170 3154 Virgilius
1216 3097 1515 3142 tenuerunt.
1585 3094 1902 3144 Divisionem
1950 3093 2172 3143 Actnnm
2195 3093 2267 3141 'in
2311 3090 2513 3141 Latinis
2557 3088 2768 3140 Fabulis

623 3169 978 3220 internoscere
1000 3169 1214 3222 difficile
1237 3179 1352 3222 est:
1389 3188 1595 3224 cansam
1620 3174 1927 3239 jamdudum
1952 3172 2432 3224 demonstravimus.
2498 3170 2656 3222 Unde
2676 3184 2767 3219 au·

626 3256 754 3312 tem,
776 3255 867 3299 aut
903 3264 1006 3315 quo
1040 3251 1211 3316 modo,
1247 3253 1481 3316 quamvis
1504 3269 1663 3318 aegre,
1701 3261 1875 3304 tamen
1909 3253 2131 3318 intelligi
2170 3253 2523 3318 distinguique
2547 3252 2769 3317 possint,

624 3337 709 3381 est
742 3344 919 3394 operae
963 3331 1189 3396 pretium
1229 3332 1421 3397 dicere.
1487 3334 1756 3398 Principio
1797 3333 2073 3384 dicendum
2110 3341 2210 3396 est,
2247 3333 2440 3382 nullam
2475 3346 2771 3396 personam,

625 3425 890 3477 egressam
924 3411 1218 3477 quinquies,
1256 3414 1392 3482 ultra
1433 3412 1580 3463 exire
1619 3427 1789 3479 posse.
1854 3413 1959 3462 Sed
2001 3413 2091 3463 illa
2130 3427 2187 3462 re
2224 3413 2530 3477 plerumque
2565 3411 2765 3476 decipi-

619 3506 753 3555 mur,
775 3492 912 3558 quod
947 3506 1238 3558 personam,
1261 3508 1379 3543 cum
1419 3493 1663 3555 tacuerit,
1686 3506 1942 3557 egressam
1978 3492 2114 3543 falso
2147 3486 2423 3557 putamus:
2457 3506 2593 3556 quae,
2614 3486 2766 3541 nihil·-

626 3574 825 3624 ominus
862 3572 916 3623 in
958 3575 1230 3638 proscenio
1264 3581 1466 3638 tacens,
1498 3572 1743 3639 loquendi
1782 3580 1988 3637 tempus
2026 3578 2293 3638 expectat.
2360 3573 2458 3622 Est
2494 3573 2658 3636 igitur
2693 3580 2771 3622 at·

624 3662 774 3706 tente
796 3654 1331 3718 animadvertendum,
1360 3654 1449 3705 ubi
1471 3647 1530 3705 et'
1567 3653 1774 3719 quando
1807 3668 1963 3704 scena
2002 3668 2159 3704 vacua
2185 3654 2255 3704 sit
2277 3653 2344 3704 ab
2376 3653 2614 3703 omnibus
2648 3668 2767 3718 per-

626 3737 784 3800 sonis,
813 3742 874 3786 ut
903 3736 957 3785 in
991 3750 1055 3786 ea
1090 3736 1289 3786 Chorus
1325 3736 1409 3785 vel
1444 3735 1660 3784 Tibicen
1698 3734 1867 3784 audiri
1902 3735 2106 3798 possit:
2139 3734 2281 3799 quod
2310 3749 2429 3785 cum
2464 3734 2767 3797 viderimus,

626 3817 702 3866 ihi
736 3815 928 3866 Actum
961 3830 1076 3866 esse
1123 3815 1327 3868 finitum
1361 3815 1609 3866 debemus
1642 3829 1941 3877 agnoscere.
2008 3814 2296 3866 Confundit
2338 3830 2481 3880 saepe
2518 3815 2769 3868 lectorem

625 3897 698 3961 id,
735 3895 871 3962 quod
909 3911 1129 3960 persona
1163 3897 1218 3946 in
1261 3896 1516 3962 superiori
1556 3910 1712 3945 scena
1748 3895 2013 3963 desinens,
2041 3903 2097 3946 et
2128 3897 2181 3946 in
2233 3897 2471 3962 proxima
2505 3894 2764 3960 incipiens

625 3978 786 4049 loqui,
808 3991 913 4027 non
949 3976 1261 4043 intelligitur
1300 3977 1570 4043 ingressa:⁴
1598 3974 1736 4040 qnod
1759 3975 1927 4040 ipsum
1972 3977 2330 4041 experientes,
2365 3977 2546 4026 statim
2577 3975 2768 4041 dijudi-

628 4146 656 4190 l
726 4145 993 4210 Excerpta
1039 4146 1142 4198 ΜΒ.
1195 4148 1256 4198 R,
1311 4146 1623 4197 exhibitio-us.
1768 4149 1801 4194 2
1832 4145 1918 4195 Ita
1938 4146 2005 4196 R.
2041 4145 2130 4198 Al.
2162 4148 2387 4198 ordinem.
2418 4147 2504 4200 Id.

567 4216 719 4275 ἰωὰ.
1771 4226 1801 4271 s
1834 4221 1922 4274 Al.
1940 4223 2137 4287 poetice
2155 4224 2277 4274 artis
2292 4231 2347 4275 et
2367 4224 2485 4275 virt.
2518 4223 2600 4274 ld.
