3050 4942
457 331 569 398 290
934 341 1298 393 nAmnms
1344 339 1639 390 nsmsu
1695 340 2217 390 orssnn‘rmto.

483 490 649 550 Alter
676 486 830 546 enim
852 484 1059 545 vitium
1089 485 1320 546 Cratini
1341 483 1530 545 ridet:
1562 483 1711 544 alter
1739 482 1931 544 Naevii
1959 482 2270 544 miseriam.
2340 480 2676 544 Ridiculum

486 594 683 646 autem
710 602 747 642 a
772 581 1007 642 miseria
1034 580 1354 661 prudenter
1381 580 1733 641 Aristoteles
1765 580 2043 660 sejungit.
2126 579 2306 640 Risus
2351 578 2508 639 enim
2543 597 2680 640 cum

401 673 414 684 ”
485 680 671 742 atroci
720 678 970 758 alicujus
1025 678 1182 738 malo
1222 689 1327 739 aut
1354 679 1688 740 calamitate
1718 679 1767 738 si
1795 678 2147 757 conjunctus
2177 676 2273 749 sit,
2320 675 2590 736 immanis
2617 676 2685 735 fit

484 797 558 839 ac
584 777 886 840 barbarus.
971 775 1086 835 Illa
1111 785 1307 836 autem
1337 775 1514 856 plane
1543 783 1711 835 extra
1738 774 1926 836 Novae
1954 773 2148 854 legem
2178 772 2502 833 Comoediae
2529 793 2546 832 ε

645 924 762 994 Qui
791 924 1087 1005 perjurum
1115 924 1431 986 convenire
1459 924 1585 984 vult
1614 923 1938 999 hominem,
1964 924 2135 985 mitto
2163 925 2223 984 in
2252 921 2548 984 comitium
2572 941 2591 993 ;

653 1022 773 1091 Qui
799 1021 1146 1083 mendacem
1174 1031 1236 1083 et
1264 1023 1607 1103 gloriosum,
1637 1022 1798 1101 apud
1822 1021 2125 1082 Cloacinae
2149 1040 2400 1082 sacrum.

492 1167 572 1230 Et
598 1185 733 1245 quae
762 1164 975 1226 deinde
999 1173 1342 1246 sequuntur.
1428 1164 1605 1233 Quod
1635 1165 1905 1246 profecto
1933 1174 2026 1225 est
2055 1184 2095 1224 a
2118 1163 2348 1245 pulpito
2375 1163 2454 1224 ad
2480 1162 2685 1243 plaus-

491 1273 646 1324 trum
673 1261 883 1321 redire.
968 1262 1158 1341 Legat
1183 1271 1383 1324 cetera
1429 1262 1533 1341 qui
1561 1262 1739 1321 volet.
1823 1260 1944 1321 Sed
1981 1260 2135 1334 haec,
2164 1267 2235 1321 ὥς
2262 1262 2327 1322 ἐν
2352 1264 2692 1341 προθεωρίαὲ

492 1365 669 1437 μέρει,
698 1356 884 1418 obiter
910 1357 1033 1418 sint
1051 1357 1235 1419 dicta.
1319 1359 1520 1430 Nunc,
1557 1356 1778 1436 ingenii
1806 1355 2118 1418 exercendi
2166 1374 2352 1418 causa
2377 1375 2447 1417 ac
2479 1354 2693 1435 judicii

496 1454 575 1514 ad
604 1454 841 1535 singula
867 1474 1093 1529 eamus,
1148 1465 1211 1515 et
1252 1464 1569 1535 utrumque
1615 1454 1795 1534 paulo
1822 1473 2002 1533 quam
2040 1453 2306 1534 plerique
2353 1453 2691 1514 accuratius

493 1551 893 1630 inspiciamus.
977 1551 1241 1614 Primum
1268 1552 1330 1611 in
1370 1550 1681 1612 Comoedia
1726 1550 2178 1630 Tragoediaque,
2220 1560 2316 1612 est
2344 1549 2693 1630 Dispositio.

493 1648 710 1727 Neque
737 1648 1155 1722 dubitandum,
1182 1649 1349 1728 quin,
1378 1669 1513 1709 cum
1537 1648 1888 1709 Aristoteles
1909 1648 1987 1708 de
2005 1647 2410 1728 Dispositione
2432 1646 2699 1725 disputat

497 1745 852 1825 Tragoedias,
878 1745 1055 1806 etiam
1085 1746 1405 1807 Comoedioe
1432 1767 1505 1809 ex
1531 1746 1600 1806 iis
1624 1747 1935 1807 convenire
1949 1745 2233 1826 pleraque
2258 1742 2699 1817 existimaverit,

499 1841 614 1902 nisi
669 1842 855 1923 quod,
903 1853 970 1904 ut
1023 1843 1309 1923 Tragicus
1365 1844 1650 1925 disponit,
1706 1845 1791 1904 ita
1834 1843 2113 1904 Comicus
2162 1859 2401 1921 quoque
2454 1839 2696 1900 invenit.

501 1940 669 2000 Alter
696 1941 849 2001 enim
882 1941 1097 2023 accipit
1122 1942 1197 2002 ab
1236 1942 1401 2002 aliis:
1446 1943 1596 2002 alter
1636 1942 1761 2022 ipse
1792 1943 1899 2002 sibi
1937 1940 2042 2000 dat
2069 1940 2232 2019 quod
2259 1936 2699 2019 disponendum

503 2044 627 2104 est3
689 2038 803 2096 nisi
842 2037 892 2097 si
937 2040 1012 2097 ab
1055 2037 1171 2099 alio
1223 2038 1497 2099 desumat
1547 2049 1981 2120 argumentum,
2021 2047 2177 2098 certe
2223 2035 2382 2115 apud
2428 2035 2698 2095 Graecos.

507 2131 663 2189 Nam
693 2131 883 2191 Latini
932 2133 1187 2193 Fabulas
1238 2134 1605 2209 Graecorum,
1657 2134 2060 2213 Dispositione
2109 2131 2542 2213 aliquantulum
2567 2129 2697 2210 ple-

507 2248 751 2306 rumque
779 2228 1084 2292 immutata
1111 2239 1171 2290 et
1197 2231 1488 2311 personiS,
1530 2241 1967 2310 expresserunt.
2052 2232 2136 2292 Ut
2160 2250 2294 2292 cum
2323 2250 2358 2290 e
2387 2226 2706 2292 Menandri

510 2325 800 2385 Eunucho
832 2346 995 2385 suam
1026 2328 1234 2405 paucis
1262 2329 1585 2388 immutatis
1612 2329 1920 2388 Terentius
1950 2329 2255 2408 expressit.
2340 2328 2428 2386 Ea
2453 2325 2702 2396 ratione,

512 2435 579 2481 ut
609 2422 815 2481 Davus
865 2421 1177 2497 Parmeno,
1228 2426 1471 2507 Chrysis
1500 2426 1703 2499 Thais,
1755 2426 2183 2486 Chaerestratus
2213 2424 2311 2485 hic
2339 2435 2500 2483 esset
2526 2422 2705 2481 Phae-

512 2518 657 2578 dria.
743 2518 1012 2592 Plautus,
1039 2520 1101 2578 in
1130 2521 1640 2601 Tragico-eomico
1669 2522 2114 2603 Amphitryone,
2136 2542 2297 2582 more
2323 2520 2704 2600 Tragicorum

515 2615 797 2674 Fabulam
842 2618 1072 2695 accepit
1118 2628 1177 2677 et
1225 2618 1555 2699 disposuit:
1599 2618 1705 2680 sed
1753 2627 1817 2679 et
1854 2619 2094 2678 nomina
2135 2618 2373 2677 retinuit
2415 2636 2487 2675 ex
2514 2626 2706 2695 parte,

516 2712 679 2790 quod
724 2733 843 2772 non
886 2713 1039 2773 solet
1075 2714 1135 2773 in
1182 2714 1528 2776 Comoedia:
1574 2736 1646 2776 ex
1693 2725 1880 2795 parte,
1920 2714 2077 2775 fecit.
2166 2714 2338 2773 Unde
2368 2732 2519 2787 raro,
2548 2714 2710 2772 inve·

516 2809 677 2869 nisse
726 2820 1134 2889 argumentum
1178 2813 1462 2894 Tragieus
1505 2813 1695 2873 Poeta
1721 2812 1955 2884 dicitur,
2003 2810 2190 2891 (quod
2234 2820 2338 2870 aut
2365 2831 2398 2871 e
2426 2811 2710 2871 relatione

519 2904 765 2964 aliorum
795 2918 898 2964 aut
926 2925 959 2963 e
992 2906 1244 2985 scriptis,
1287 2917 1357 2966 ut
1400 2907 1661 2987 plerique
1706 2927 1780 2966 ex
1823 2908 2082 2967 Homero
2131 2917 2235 2967 aut
2286 2906 2472 2987 Cyclo
2501 2907 2708 2988 Epico,

518 3000 801 3078 petebant
824 3003 868 3076 ε)
907 3012 1115 3060 contra
1142 3013 1337 3062 autem
1368 3004 1616 3064 Comici.
1700 3004 2072 3076 Aristoteles,
2099 3006 2160 3065 τὸ
2188 3002 2251 3063 δὲ
2276 3005 2476 3084 μύθους
2501 3013 2707 3074 ποιεῖν,

516 3097 864 3177 Ἐπίχαρμος
902 3100 992 3157 καὶ
1035 3098 1235 3177 Φόρμις
1262 3098 1449 3181 ἧρξαν.
1532 3100 1627 3159 Ita
1662 3119 1790 3161 eam
1822 3119 2044 3173 vocem,
2073 3120 2194 3159 non
2235 3110 2304 3159 ut
2330 3099 2588 3181 quidam,
2615 3100 2713 3161 bic

523 3193 769 3272 accipio.
855 3196 1051 3254 Μῦθος
1078 3196 1252 3270 enim,
1279 3206 1345 3257 ut
1371 3196 1591 3276 ubique
1638 3198 1761 3257 sere
1810 3198 2135 3271 Aristoteli,
2182 3216 2303 3256 non
2348 3197 2552 3257 drama
2595 3206 2711 3271 est,

526 3290 633 3350 sed
662 3310 735 3349 ea
762 3290 936 3362 aetio,
965 3310 998 3349 e
1027 3311 1146 3369 qua
1175 3292 1382 3352 drama
1412 3293 1808 3365 constituitur,
1835 3297 1871 3365 ἡ
1899 3300 2108 3371 πρᾶξις,
2138 3298 2170 3365 ἦ
2198 3309 2294 3366 τῆς
2321 3300 2716 3375 πραγματείας

530 3391 834 3447 odorante:
874 3387 1170 3465 quomodo
1217 3398 1277 3448 et
1306 3388 1541 3468 accipit,
1586 3408 1722 3449 cum
1769 3389 1936 3462 dixit,
1984 3394 2158 3470 μῦθος
2197 3389 2260 3458 δ’,
2299 3393 2453 3452 ἔστὶν
2480 3390 2577 3466 εἷς,
2604 3395 2717 3472 οὺχ

530 3487 715 3561 ὥσπερ
742 3485 887 3544 τινὲς
914 3485 1150 3559 οἴονται,
1178 3487 1281 3546 ἐὰν
1308 3490 1434 3564 περὶ
1464 3490 1573 3547 ἕνα
1599 3483 1656 3570 ᾖ.
1741 3487 1818 3546 Et
1856 3488 1985 3566 ipse
2022 3488 2370 3566 πολυμὺθους
2390 3508 2491 3549 eos
2519 3497 2716 3559 vocat,

530 3580 633 3660 qui
661 3580 754 3641 vel
782 3581 992 3654 variaS‚
1020 3580 1114 3642 vel
1142 3601 1275 3661 quae
1304 3598 1566 3663 tempore
1587 3584 1815 3656 eodem,
1840 3586 1915 3644 ab
1944 3583 2082 3657 alio,
2110 3604 2230 3644 non
2263 3604 2405 3659 uno,
2419 3594 2480 3644 et
2500 3584 2711 3644 eodem

532 3688 719 3755 gestae
749 3687 907 3750 sunt,
934 3677 1324 3757 conjungunt.
1419 3679 1682 3759 Ideoque
1735 3679 2019 3739 Fabulam
2063 3678 2303 3759 eligere,
2356 3690 2421 3739 et
2467 3680 2717 3740 electam

529 3783 691 3834 *recte
718 3794 788 3834 ac
817 3774 1021 3834 ordine
1063 3775 1392 3854 disponere,
1421 3788 1489 3838 ut
1514 3778 1703 3856 prima
1738 3777 1944 3849 virtuS,
1982 3775 2066 3836 ita
2091 3776 2342 3857 primum
2369 3777 2718 3837 maximum-

536 3888 654 3948 que
681 3889 830 3948 opus
858 3881 968 3933 est.
1029 3873 1100 3931 In
1130 3873 1551 3955 Amphitryone
1578 3893 1962 3935 maneamus.·
2012 3874 2189 3947 Nam,
2218 3884 2286 3934 ut
2310 3882 2723 3954 argumentum

534 3966 650 4026 hoc
679 3968 924 4047 accepit,
961 3969 1045 4029 ita
1072 3970 1198 4048 ipse
1225 3990 1301 4030 ex
1343 3972 1526 4031 animi
1568 3971 1863 4031 sententia
1889 3970 2197 4051 disposuit.
2281 3971 2481 4040 Quare
2508 3970 2721 4051 potuit,

540 4074 609 4121 ut
632 4063 836 4137 voluit,
884 4064 1068 4142 ligare
1119 4066 1404 4130 Fabulam
1431 4088 1502 4129 ac
1540 4068 1784 4128 solvere.
1870 4069 1938 4127 In
1967 4088 2040 4129 ea
2082 4068 2260 4148 igitur
2299 4067 2500 4128 divina
2528 4066 2720 4128 ὃέσιςε

540 4157 687 4219 mira
712 4159 868 4222 enim
894 4162 1119 4223 ratione
1148 4164 1460 4243 impeditur
1501 4165 1726 4227 Fabula
1750 4176 1810 4227 et
1834 4165 2136 4228 intricatur
2165 4164 2340 4227 acti0.
2424 4165 2507 4225 At
2530 4173 2725 4225 trans-
