3050 4942
1146 382 1653 432 ARGUMENTA.
2111 360 2118 366 ’
2360 369 2489 435 271

363 530 486 575 cant
508 523 575 575 de
610 538 783 575 rerum
821 538 883 575 ac
914 529 1205 589 temporum
1242 524 1551 590 quantitate.
1617 524 1750 574 Post
1770 525 1908 574 euim
1935 524 2068 590 fieri,
2090 531 2229 576 utet
2262 525 2492 590 ingressa

364 604 433 654 sit
465 619 526 655 ac
561 619 788 670 egressa,
805 620 958 673 quam
981 620 1141 670 prave
1163 606 1420 656 credimus
1442 605 1510 655 de
1542 605 1813 669 proscenio
1845 619 1947 655 non
1969 606 2265 656 recessisse.
2329 606 2495 658 Posse

363 692 535 736 autem
558 688 741 752 quinto
762 687 939 752 egredi
963 700 1253 751 personam,
1270 701 1373 736 non
1405 693 1463 736 et
1483 700 1702 735 necesse
1732 700 1844 736 esse
1878 685 2126 736 dicimus:
2162 692 2222 735 ut
2241 695 2493 752 appareat

361 767 501 817 ultra
522 768 672 818 exire
692 778 797 820 non
819 766 991 833 posse.
1055 768 1117 818 In
1139 767 1413 832 Tragoedia
1433 772 1491 816 et
1514 767 1721 830 parcius
1744 768 1907 830 exire,
1928 773 1982 817 et
2008 768 2177 818 solere
2206 769 2420 835 pariter,
2438 775 2496 819 et

361 847 543 899 licere.
611 849 819 899 Primus
851 848 1020 900 Actus
1059 848 1112 899 in
1131 848 1331 899 Andria
1353 848 1706 898 narrationem
1729 849 1948 899 Simonis
1979 847 2117 914 apud
2151 848 2350 899 Sosiam
2371 862 2495 900 con-

363 929 498 979 tinet
527 931 851 994 argumenti:
886 931 1025 998 quod
1064 932 1285 996 populus
1316 930 1414 981 hac
1448 931 1720 981 occasione
1754 930 2041 995 perdiscit:
2072 942 2193 979 mox
2228 930 2495 995 querelam

366 1010 507 1075 apud
524 1026 581 1062 se
603 1013 743 1063 Davi
763 1012 830 1063 de
852 1011 1080 1076 domino,
1099 1019 1156 1064 et
1168 1011 1395 1078 ejusdem
1417 1024 1535 1062 cum
1559 1013 1767 1062 domino
1792 1012 1968 1076 verba,
1988 1019 2045 1061 et
2065 1025 2240 1061 rursus
2262 1008 2496 1074 ejusdem

366 1093 503 1142 servi
525 1093 969 1158 deliberationem,
987 1094 1111 1160 quid
1144 1108 1315 1146 rerum
1350 1100 1517 1160 gerat.
1581 1093 1807 1145 Secundi
1833 1092 2002 1144 Actus
2037 1094 2153 1143 haec
2174 1100 2326 1143 sunt:
2363 1093 2496 1142 Cha-

365 1174 464 1223 rini
481 1174 642 1225 verba
665 1176 832 1240 primo
853 1191 970 1227 cum
992 1175 1218 1241 Byrrhia
1235 1191 1407 1240 servo,
1421 1183 1478 1227 et
1500 1182 1623 1242 post
1645 1190 1762 1227 cum
1781 1175 1898 1239 ipso
1911 1174 2186 1240 Pamphilo
2208 1174 2276 1224 de
2299 1172 2497 1237 nuptiis

368 1253 709 1306 Philumenae=
745 1258 884 1307 Davi
906 1258 1249 1322 interventus,
1268 1264 1326 1308 et
1346 1272 1463 1307 cum
1485 1271 1550 1307 eo
1574 1257 1857 1321 disputatio
1885 1256 1954 1307 de
1983 1255 2180 1320 nuptiis
2203 1255 2494 1319 Pamphili:

368 1333 629 1400 Pamphili
652 1350 822 1386 sermo
835 1350 950 1388 cum
973 1343 1141 1402 patre,
1161 1339 1281 1388 dolo
1304 1337 1678 1389 consentientis
1697 1339 1750 1387 in
1770 1337 2009 1402 nuptias:
2047 1336 2286 1401 Byrrhiae
2306 1335 2495 1387 verba:

370 1415 509 1465 Davi
545 1417 737 1468 callida
769 1418 937 1471 'oratio
975 1418 1250 1470 adversum
1290 1430 1482 1470 senem.
1546 1419 1725 1471 Tertio
1761 1417 1923 1469 Actui
1954 1418 2085 1468 haec'
2106 1417 2498 1468 attribuuntur:

364 1496 588 1561 Mysidis
610 1514 728 1549 cum
750 1499 1036 1553 obstetrice
1057 1500 1390 1568 colloquium,
1414 1504 1566 1552 Davo
1600 1517 1661 1552 ac
1684 1502 1893 1551 Simone
1921 1499 2282 1550 audientibus:
2320 1506 2499 1564 partus

368 1577 607 1642 Glycerii
647 1589 922 1645 suspectus
957 1582 1097 1632 seni:
1139 1589 1196 1633 et
1236 1583 1372 1633 Davi
1415 1583 1555 1648 apud
1593 1594 1711 1633 eum
1746 1580 2087 1632 fraudulenta
2123 1579 2503 1633 sermocinatio.

368 1659 588 1710 Simonis
610 1661 770 1712 verba
790 1677 906 1712 cum
938 1662 1212 1715 Chremete
1243 1662 1311 1714 de
1345 1664 1577 1728 nuptiis:
1611 1663 1744 1712 Davi
1784 1660 2107 1727 perturbatio
2138 1674 2200 1710 ac
2224 1660 2501 1725 Pamphili.

369 1740 625 1792 Quartum
663 1740 856 1792 Actum
876 1756 976 1808 per
1010 1744 1129 1794 hoec
1149 1743 1498 1809 intelligimus.
1565 1743 1746 1793 Prima
1767 1741 1981 1794 Charini
2000 1741 2161 1792 verba
2181 1750 2318 1798 suut,
2337 1741 2500 1806 indig-

370 1822 543 1878 nantis
582 1822 724 1872 veiut
755 1821 912 1874 fidem
952 1823 1047 1874 sibi
1082 1839 1186 1875 non
1225 1831 1484 1876 servatam
1523 1841 1555 1876 a
1587 1824 1902 1888 Pamphiloz
1937 1829 2045 1873 tum
2081 1821 2306 1887 Mysidis·
2339 1823 2502 1873 verba

370 1903 509 1966 apud
531 1903 880 1968 Pamphilum,
900 1904 1232 1971 ejusdemque
1265 1911 1510 1971 questus-i
1546 1906 1684 1957 Davi
1718 1903 2094 1956 administratio
2130 1903 2234 1954 doli
2253 1902 2500 1953 adversus

371 1985 721 2034 Chremetem.
788 1985 852 2035 In
887 1986 1070 2051 quinto
1092 1984 1265 2037 Actm
1295 1985 1518 2036 Simonis
1553 1994 1608 2037 et
1633 1986 1922 2037 Chremetis
1963 1999 2129 2049 prope
2153 1984 2384 2049 jurgium
2406 1983 2504 2039 dis-

371 2065 610 2129 putatio;
645 2072 755 2115 tum
785 2065 1015 2116 detectio
1034 2065 1355 2117 fallaciarum
1390 2066 1560 2130 Davi3
1591 2072 1703 2118 tum
1737 2066 2023 2131 indignatio
2058 2065 2219 2130 patris
2252 2065 2501 2116 adversus

371 2144 564 2208 filium;
596 2153 709 2196 tum
731 2146 961 2196 Critonis
981 2146 1344 2198 interventust
1377 2154 1434 2198 et
1468 2162 1565 2212 per
1603 2161 1720 2197 eum
1741 2148 1961 2212 cognitis
1995 2146 2153 2196 rebus
2180 2147 2234 2195 in
2256 2147 2505 2211 tranquil·

371 2228 477 2278 lum
498 2241 587 2277 res
600 2235 739 2291 aeta,
754 2227 1060 2279 ducentibus
1082 2244 1288 2294 uxores,
1304 2238 1431 2295 quas
1451 2230 1877 2294 concupiverant,
1895 2227 2166 2292 Pamphilo
2185 2232 2241 2278 et
2264 2227 2505 2277 Charino.

372 2307 512 2359 Illud
539 2323 647 2359 non
667 2321 991 2361 commovere
1020 2312 1119 2360 ‘nos'
1150 2310 1327 2374 dehet,
1347 2311 1489 2377 quod
1522 2312 1576 2361 iu
1611 2311 1792 2361 horum
1821 2311 2041 2360 Aetuum
2074 2308 2406 2358 distinctione
2430 2309 2504 2358 vi-

373 2388 566 2440 dentur
583 2388 651 2440 de
673 2391 946 2454 proscenio
967 2406 1069 2442 non
1103 2391 1403 2444 discessisse
1437 2407 1675 2458 personoe
1709 2390 1979 2459 quasdam:
2015 2389 2107 2439 sed
2130 2394 2311 2439 tenere
2345 2388 2503 2439 dehe-

371 2466 505 2535 mus',
539 2469 660 2520 ideo
696 2469 1001 2521 Terentium
1025 2471 1308 2522 vicinitatis
1339 2474 1654 2523 mentionem
1687 2471 1876 2522 fecisse
1915 2471 1968 2520 in
2009 2470 2285 2534 principio,
2304 2477 2363 2519 ut
2397 2485 2504 2520 mo-

372 2550 495 2601 dico
518 2557 738 2617 receptu
769 2557 827 2602 et
859 2552 1041 2602 adesse
1063 2558 1120 2603 et
1154 2552 1337 2603 abesse
1371 2567 1644 2617 personam
1669 2551 2033 2615 intelligamus.
2101 2549 2244 2599 Nihil
2277 2563 2403 2612 ergo
2421 2562 2504 2598 se·

352 2631 570 2696 ·quius4
601 2629 797 2682 factum
819 2639 902 2683 est
925 2633 991 2683 ab
1024 2632 1274 2698 antiquis,·
1301 2632 1391 2697 qui
1413 2632 1479 2682 ad
1507 2635 1645 2683 hunc
1678 2631 1886 2683 modum
1918 2630 2263 2681 Terentiana's
2286 2629 2507 2680 Fabula·

376 2711 685 2763 diviserunt.

1254 2826 1465 2878 4Secus
1499 2827 1562 2876 Z.

591 3326 1139 3377 ARGUMENTUM
1192 3319 1663 3378 BUGRAPHU*
1709 3328 1789 3397 IN
1839 3326 2224 3377 ANDRIAM.

317 3475 424 3527 San
445 3492 584 3529 nunc
609 3479 676 3530 de
704 3480 906 3531 Andria
926 3481 1209 3532 videamus.
1280 3479 1479 3531 Andria
1506 3479 1675 3544 prima
1694 3479 1870 3530 fabula
1888 3480 2006 3531 ideo
2024 3486 2259 3544 vocatur,
2279 3493 2344 3529 eo
2371 3464 2510 3545 quod

381 3573 447 3608 ex
482 3558 688 3624 Andro,
715 3561 886 3612 insula
923 3563 1248 3626 Graecorum,
1281 3562 1485 3612 venerit
1511 3560 1719 3626 Chrysis
1759 3560 1969 3610 foemina
1990 3559 2239 3621 Athenas,
2279 3559 2363 3609 ubi
2395 3560 2508 3607 haee

379 3642 500 3690 acta
520 3638 839 3705 referuntur,
861 3650 919 3692 et
940 3644 1058 3693 cnm
1081 3641 1333 3707 Chryside
1349 3641 1466 3704 alia,
1485 3655 1601 3705 quae
1624 3641 1906 3691 vocabatur
1928 3641 2251 3705 Glycerium,
2270 3654 2386 3693 cum
2403 3651 2508 3687 non

380 3728 522 3770 esset
553 3735 622 3770 ex
656 3720 841 3773 Andro
878 3723 971 3773 sed
1002 3724 1175 3789 potius
1200 3722 1554 3785 Atheniensis,
1586 3722 1722 3772 sicut
1756 3721 2127 3786 consequentia
2157 3717 2510 3770 manifestant.

380 3800 767 3866 Argumentum
801 3803 962 3854 totius
982 3803 1171 3854 fabulae
1190 3802 1328 3854 istud
1352 3807 1451 3852 est.

319 3881 469 3933 Bello
492 3890 679 3935 exorto
699 3883 924 3935 Athenis
946 3886 1191 3936 Chremes
1219 3883 1429 3950 quidam
1455 3881 1800 3943 Atheniensis,
1820 3879 2014 3932 relictis
2047 3878 2302 3939 omnibus,
2318 3875 2383 3925 ad
2408 3873 2512 3923 alia

382 3963 713 4029 demigravit.
781 3967 945 4032 Cujus
983 3966 1147 4018 frater
1173 3966 1388 4029 Phania,
1407 3965 1496 4031 qui
1528 3964 1870 4014 Rhamnusius
1902 3961 2074 4012 dictus
2112 3965 2212 4023 est,
2242 3954 2508 4033 accipiens

379 4043 542 4095 filiam
575 4045 734 4108 iilius,
753 4054 968 4112 neptem
987 4047 1237 4098 videlicet
1267 4062 1433 4111 suam,
1454 4045 1660 4097 nomine
1682 4044 2001 4106 Pasibuiam,
2018 4057 2133 4108 quae
2165 4046 2353 4105 postea
2384 4024 2512 4099 G'ly-

382 4126 583 4178 cerium
618 4125 764 4176 dicta
794 4132 897 4189 est,
922 4126 975 4176 in
999 4127 1177 4177 Asiam
1213 4127 1579 4192 proficiscitur,
1602 4139 1837 4191 quaerens
1868 4123 2083 4173 fratrem
2115 4135 2283 4213 suum,
2304 4117 2512 4171 nomine

613 4246 637 4292 t
670 4236 793 4289 Vid.
834 4236 1205 4289 Praefationem
1242 4244 1546 4303 excerptam
1576 4251 1607 4288 e
1627 4237 1696 4289 D.
1717 4235 1885 4287 Paulo
1900 4234 2020 4287 Jac.
2043 4234 2228 4284 Bruns.
