3050 4942
525 402 657 471 520
1269 418 1331 463 Ρ.
1374 415 1740 465 renuunt
1791 414 1965 464 Arm

524 559 639 626 An
666 558 739 624 in
771 556 947 624 Astu
968 557 1203 624 venit'i
1244 558 1435 623 aliud
1467 578 1560 623 ex
1591 558 1729 623 alio
1761 557 2025 623 malum.

526 663 661 730 ΡΑ.
706 660 914 739 Here,
943 680 1029 725 ne
1056 678 1162 726 me
1187 666 1492 743 spectes:
1536 679 1642 725 me
1670 660 2033 744 impulsore
2062 659 2209 725 haec
2237 679 2371 725 non
2395 661 2583 726 facit.
2613 709 2618 712 -

525 766 659 829 LA.
704 763 957 828 Omitte
986 762 1068 827 de
1098 768 1165 828 te
1197 763 1454 828 dicere:
1500 783 1625 846 ego
1658 769 1749 840 te,
1779 761 2070 853 furcifer,

525 867 602 932 Si
631 866 828 933 vivo!
870 866 995 932 sed
1024 867 1219 944 istuc,
1255 866 1574 950 quicquid
1603 872 1731 943 est,
1760 865 2052 949 primum
2077 865 2347 949 expedi.

525 967 660 1033 ΡΑ.
705 968 779 1033 Is
807 986 932 1051 pro
960 967 1080 1033 illo
1108 966 1434 1032 Eunucho
1466 966 1556 1031 ad
1580 964 1910 1033 Thaidem
1939 963 2266 1031 deductus
2297 974 2423 1031 est.

523 1071 659 1135 LA.
707 1070 843 1136 Pro
866 1067 1293 1136 Eunuchon'!
1356 1070 1493 1134 ΡΑ.
1524 1068 1640 1134 Sic
1658 1076 1798 1134 est:
1844 1067 2018 1134 hunc
2041 1088 2164 1153 pro
2188 1068 2451 1134 moecho
2472 1074 2720 1153 postea

524 1172 1095 1257 Comprehendere
1124 1173 1327 1248 intus,
1360 1175 1428 1236 et
1454 1172 1933 1236 constrinxere.
2022 1171 2155 1234 La.
2201 1168 2466 1260 Occidi.

526 1278 661 1341 ΡΑ.
706 1273 1080 1340 Audaciam
1108 1275 1524 1340 meretricum
1551 1279 1816 1357 specta.
1901 1272 2034 1337 LA.
2081 1271 2428 1355 Numquid
2458 1280 2568 1338 est

522 1378 729 1444 Aliud
758 1378 918 1444 mali
944 1378 1274 1457 damnive,
1307 1377 1486 1462 quod
1517 1397 1654 1441 non
1682 1376 1964 1453 dixeriS,

2630 861 2717 928 20

2637 1377 2723 1441 25

520 1600 602 1649 An
621 1601 675 1649 in
695 1606 805 1650 astu
825 1599 901 1664 (in
922 1599 1108 1664 urbem)
1128 1616 1190 1650 ea:
1212 1600 1396 1649 Piroeeo
1423 1599 1588 1648 venit?
1619 1597 1767 1648 Aliud
1786 1613 1847 1647 ex
1879 1598 1973 1646 alio
2001 1598 2175 1646 malum
2195 1597 2366 1646 oritur.
2430 1593 2539 1647 ΡΑ.
2574 1595 2722 1658 Here,

521 1679 581 1712 ne
600 1680 672 1714 me
691 1667 947 1715 minacibus
965 1667 1110 1717 oculis
1130 1665 1360 1713 intuearis
1375 1681 1395 1722 ,·
1417 1680 1508 1712 non
1526 1679 1611 1724 ego
1632 1679 1735 1712 eum
1755 1665 1819 1711 ad
1838 1664 1923 1711 hoc
1930 1662 2206 1722 faciendum
2225 1662 2408 1727 impuli.
2477 1663 2580 1711 LA.
2616 1663 2724 1710 De·

406 1725 419 1738 ‘
518 1729 621 1779 sine
643 1732 700 1778 de
720 1736 767 1778 te
787 1732 927 1779 verba
950 1732 1122 1790 facere
1143 1748 1162 1787 ,·
1192 1744 1279 1791 ego
1300 1735 1363 1790 te,
1385 1728 1610 1804 furcifer,
1644 1729 1689 1777 si
1719 1728 1867 1776 vitam
1889 1727 1984 1776 Dii
2014 1732 2281 1790 prorogent,
2312 1727 2433 1776 male
2470 1726 2684 1775 mulcabo
2704 1742 2722 1773 .·

518 1796 601 1841 sed
620 1795 766 1856 istud,
787 1798 1096 1859 quodcumque
1132 1800 1219 1857 est,
1249 1794 1414 1856 paucis
1442 1794 1598 1843 verba-s
1628 1807 1817 1841 enarra.
1885 1793 1989 1841 ΡΑ.
2022 1792 2077 1841 Is
2107 1790 2359 1857 (Choerea)
2376 1806 2462 1855 pro
2487 1791 2720 1840 Eunucho

522 1859 691 1907 Thaidi
727 1862 933 1909 traditus
967 1866 1056 1908 est.
1122 1860 1219 1908 LA.
1256 1858 1337 1906 An
1370 1874 1456 1920 pro
1507 1859 1760 1906 Eunucho?
1825 1859 1927 1906 ΡΑ.
1968 1856 2055 1906 Sic
2094 1862 2199 1905 est.-
2230 1857 2352 1905 hunc
2391 1861 2556 1919 postea
2591 1856 2721 1903 intus

518 1926 960 1986 comprehenderunt
1003 1930 1052 1974 et
1092 1925 1442 1984 colligaverunt.
1510 1924 1607 1971 LA.
1642 1922 1832 1971 Interii.
1900 1922 2003 1970 ΡΑ.
2043 1921 2369 1970 Tener-itatem
2410 1921 2718 1969 meretricum:

517 1989 770 2037 considera.
839 1991 934 2039 LA·
968 1989 1050 2038 An
1088 1989 1216 2037 aliud
1249 1987 1382 2051 mali,
1414 1988 1652 2048 damnive,
1684 1988 1806 2050 quod
1836 2000 1930 2034 non
1967 1987 2166 2049 dixeris,
2186 1987 2335 2035 adhuc
2355 1986 2443 2035 tibi
2465 1986 2719 2035 dicendum

1430 2141 1696 2163 contecto
1703 2142 1758 2161 Ὀ
1765 2141 1787 2159 0

514 2269 578 2302 an
598 2255 688 2304 scit
698 2255 803 2313 jam
834 2257 914 2305 ille
931 2257 1046 2318 quid
1067 2255 1297 2304 meretrix
1316 2254 1430 2316 siet]
1480 2254 1641 2302 Vides
1665 2259 1813 2314 amat,
1847 2252 1985 2317 quod
2011 2251 2302 2314 praesertim
2325 2251 2375 2300 in
2399 2250 2717 2314 repetitione

517 2321 632 2367 acui
656 2320 904 2380 debebat,
940 2320 991 2367 in
1025 2322 1176 2368 Thesi
1199 2322 1382 2369 latere.
1449 2321 1590 2380 Ergo
1626 2320 1642 2347 ‘
1665 2319 1801 2367 Hem
1822 2317 1835 2338 '
1876 2318 2032 2381 priori
2062 2317 2232 2364 versui
2254 2330 2478 2380 appone,
2501 2323 2558 2364 et
2581 2317 2716 2380 lege,

521 2381 689 2438 Quid?
719 2389 876 2432 amat?
909 2384 1092 2444 anjam
1112 2385 1203 2433 scit
1222 2385 1302 2432 ille
1334 2385 1445 2445 quid
1483 2381 1714 2431 meretrix
1743 2380 1870 2433 siet?
1918 2382 2216 2431 Priscianus
2252 2396 2301 2442 p.
2350 2385 2497 2429 1012.
2567 2380 2716 2442 Hem,

512 2447 846 2511 amat?quid?
877 2464 938 2496 an
955 2450 1043 2497 scie
1066 2449 1176 2497 ille.-
1208 2447 1539 2508 omissojam:
1565 2447 1638 2494 sic
1664 2446 1735 2494 ibi
1759 2454 1814 2495 et
1836 2451 1984 2495 vetus
2004 2446 2191 2495 codex.
2234 2446 2373 2494 Beni.
2413 2444 2574 2506 Quid]
2598 2446 2714 2494 Mu·

516 2520 681 2560 tatum
715 2514 765 2561 in
790 2515 928 2577 quod.
962 2514 1150 2562 Bruns.
1215 2513 1512 2562 Bentleium
1539 2511 1771 2575 sequitur
1791 2511 2077 2561 Both.-—l7
2115 2512 2214 2559 Ms.
2241 2511 2383 2573 Lips.
2419 2510 2502 2558 An
2525 2510 2579 2557 in
2596 2511 2715 2558 Astu

519 2579 648 2625 venit
669 2578 802 2626 aliud
833 2592 892 2627 ex
920 2579 1016 2627 alio
1038 2576 1248 2627 malum?
1284 2577 1452 2629 Eaud.
1475 2578 1595 2625 lect.
1622 2590 1687 2633 ex
1727 2576 1871 2624 libris
1905 2577 2035 2624 Mss.
2061 2581 2114 2624 et
2137 2575 2294 2624 editis
2318 2575 2465 2635 citat,
2490 2574 2586 2623 sed
2625 2575 2714 2622 im-

517 2642 703 2703 probat
725 2643 920 2692 Rivius.
987 2643 1124 2692 Vide
1148 2644 1426 2691 Donatum.
1465 2642 1750 2693 West.—-—18
1784 2640 1892 2688 Hoc
1910 2641 1987 2689 M.
2021 2641 2225 2689 Ich—21
2265 2640 2367 2689 Ms.
2392 2639 2534 2701 Lips.
2565 2636 2715 2702 [Bau]

515 2713 571 2755 et
594 2706 662 2755 G.
695 2709 757 2756 ad
783 2707 872 2757 Th·
888 2708 1022 2759 hanc.
1056 2708 1138 2757 Id.
1190 2708 1273 2757 Ad
1298 2707 1520 2756 Thaidem
1543 2705 1686 2767 hanc]
1720 2705 1861 2754 Hanc
1882 2718 1982 2753 non
2006 2713 2088 2753 est
2113 2705 2162 2753 iu
2191 2704 2462 2763 Bembino,
2485 2710 2541 2752 et
2568 2709 2713 2752 certe

513 2768 799 2835 superfluit,
838 2787 954 2824 cum
981 2773 1093 2837 jam
1129 2786 1285 2835 supra
1325 2770 1530 2827 dixerit,
1570 2776 1583 2797 ‘
1608 2770 1726 2819 huic
1767 2768 1984 2819 Thaidi!
2020 2770 2110 2819 Fa.
2177 2768 2356 2817 Nostri
2390 2782 2591 2829 omnes,
2613 2781 2712 2817 uno

513 2842 754 2898 excepto,
786 2838 932 2886 hanc.-
986 2845 1043 2886 et
1064 2851 1187 2886 sane
1211 2843 1349 2885 amat
1384 2834 1660 2896 Terentius
1693 2833 1914 2898 syllabas
1939 2834 2144 2882 ultimas
2170 2831 2501 2898 liquefacere.
2573 2834 2711 2895 Lege

514 2914 652 2961 vero,
688 2900 741 2949 Is
765 2916 852 2964 pro
873 2903 954 2951 illo
986 2902 1213 2951 Eunucho
1234 2903 1296 2950 ad
1336 2901 1560 2950 Thaidem
1596 2899 1686 2948 huc
1716 2900 1938 2948 deductus
1978 2903 2069 2947 est.
2134 2898 2300 2961 Supra
2324 2911 2384 2946 n.
2408 2900 2457 2947 3.
2482 2901 2567 2946 60.
2596 2899 2711 2960 ipse

514 2963 643 3013 dicit
666 2966 951 3017 Parmeno:
986 2970 1002 2994 ‘
1027 2967 1145 3015 Huc
1168 2964 1443 3016 deducta-st
1466 2964 1533 3013 ad
1557 2964 1881 3012 meretricem
1918 2962 2198 3011 Thaidem:
2250 2962 2300 3010 ei
2334 2961 2468 3010 dono
2502 2956 2713 3010 datast!

514 3027 585 3076 Et
606 3038 745 3091 nota,
778 3045 892 3079 eum
920 3039 1023 3080 tam
1064 3031 1143 3080 hic
1180 3045 1331 3092 quam
1367 3030 1470 3079 illic
1517 3036 1638 3078 ante
1678 3028 1861 3077 ostium
1900 3027 2108 3076 Thaidis
2148 3027 2374 3077 stetisse.
2414 3027 2556 3076 Bent.
2626 3026 2714 3075 Se·

512 3100 739 3155 quuntur
760 3094 915 3144 Both.
957 3095 1223 3144 PerL—23
1261 3095 1605 3157 Compi-endere
1628 3091 1913 3143 Both.—-·24
1946 3094 2133 3141 Totum
2159 3106 2231 3152 vs.
2261 3091 2356 3142 dat
2371 3092 2710 3142 LachiBoth-

1503 3236 1555 3288 N
1564 3235 1721 3288 0⁰1*AE

576 3354 639 3400 17
671 3352 751 3401 An
787 3353 839 3400 in
879 3351 1004 3401 Astu
1035 3351 1186 3415 venie]
1220 3350 1565 3401 Athenienses

511 3428 689 3477 urbem
713 3442 854 3477 suam
878 3426 1010 3477 Astu
1038 3429 1314 3479 vocabant.
1383 3429 1566 3484 Cicero

511 3505 679 3567 primo
717 3504 782 3554 de
829 3505 1055 3568 Legibus
1079 3520 1092 3553 :
1124 3505 1141 3532 ‘
1184 3504 1449 3567 Theseus,’
1492 3507 1566 3554 in-

508 3578 638 3643 quit,
658 3580 675 3607 ‘
692 3579 900 3629 eosdem
921 3580 1142 3643 migrare
1165 3594 1232 3629 ex
1257 3581 1410 3643 agris,
1434 3587 1489 3630 et
1511 3581 1565 3632 in

508 3655 663 3717 Astu,
683 3656 818 3720 quod
842 3658 1153 3722 appellatur,
1172 3670 1346 3706 omues
1371 3671 1426 3705 se
1443 3671 1565 3705 con-

508 3729 646 3779 ferre
659 3731 855 3795 jussit!
906 3730 1070 3780 ’'Acrw
1092 3733 1279 3782 Graece
1302 3730 1565 3795 significat

507 3806 705 3856 urbem.
755 3807 998 3857 Ceterum
1022 3806 1245 3857 Athena:
1265 3806 1316 3857 in
1339 3806 1466 3856 duas
1490 3808 1566 3857 di·

509 3882 632 3931 visae
650 3889 799 3932 erant
820 3889 1026 3949 partes:
1062 3884 1261 3947 urbem,
1285 3899 1402 3948 quae
1424 3885 1565 3938 dicta

503 3960 673 4021 Ἀστυ,
688 3966 743 4008 et
761 3965 986 4024 portum,
1002 3960 1088 4024 qui
1101 3960 1335 4025 Πειραιεὺς
1349 3971 1562 4011 vocatus

506 4039 620 4083 est:
654 4049 743 4084 eas
765 4042 937 4085 autem
961 4042 1138 4098 partes
1154 4051 1284 4086 unus
1306 4038 1564 4101 complec-

506 4109 717 4160 tabatur
750 4111 1004 4175 ambitum
1036 4112 1126 4162 sed
1164 4112 1240 4162 ita
1272 4119 1331 4162 ut
1369 4113 1564 4177 plebeii

608 4185 933 4238 democratia:
984 4186 1214 4238 fautores
1257 4189 1311 4238 in
1354 4190 1561 4252 regione

631 4263 699 4313 :ei
746 4271 991 4328 agerent:
1031 4267 1377 4331 elegantiores
1422 4266 1563 4316 nobi-

1646 3352 1906 3416 lioresque
1931 3351 2060 3402 Astu
2085 3352 2389 3403 incolerent.
2454 3350 2501 3402 A
2520 3347 2710 3416 potiori

1648 3429 1805 3492 igitur
1842 3436 1992 3492 parte
2028 3436 2083 3478 et
2108 3429 2171 3477 ad
2211 3436 2391 3493 portus
2427 3427 2708 3478 discrimen

1638 3506 1791 3555 ·Ἀστυ
1816 3514 1870 3555 et
1893 3504 2134 3556 Ἀστικοὺς
2155 3505 2489 3554 nominabant
2509 3505 2704 3558 Urbem

1643 3588 1703 3631 et
1724 3582 1983 3633 Urbanos.

1712 3662 1775 3706 19
1811 3656 2054 3720 Furcifer]
2084 3657 2374 3707 Dicebatur
2402 3670 2597 3717 servus,
2616 3653 2701 3719 qui

1645 3734 1711 3784 ob
1734 3736 1849 3783 leve
1872 3734 2114 3783 delictum
2139 3733 2425 3796 cogebatur
2446 3746 2477 3780 a
2498 3731 2701 3780 domino

1646 3810 1937 3873 ignominia:
1959 3810 2138 3872 magu,
2156 3823 2309 3873 quam
2327 3807 2568 3871 supplicii
2585 3821 2700 3856 cau-

1645 3901 1719 3948 sa,
1740 3886 1791 3934 in
1829 3886 2019 3936 vicinia
2056 3885 2258 3935 furcam
2291 3885 2342 3933 in
2374 3884 2508 3935 collo
2546 3882 2703 3944 ferre,

1643 3963 1918 4027 subligatis
1943 3964 2006 4012 ad
2030 3976 2144 4012 eam
2165 3961 2417 4022 manibus,
2437 3968 2492 4009 et
2515 3959 2698 4023 praedi-

1642 4045 1764 4089 care
1783 4047 2054 4102 peccatum
2079 4053 2245 4101 suum,
2257 4037 2513 4101 simulque
2529 4048 2698 4085 mone·

1642 4109 1699 4166 re
1734 4125 1937 4166 ceteros
1980 4129 2045 4165 ne
2077 4114 2246 4165 simile
2289 4113 2418 4179 quid
2458 4111 2694 4163 admitte·

1642 4201 1776 4244 rent.
