3050 4942
1169 394 1584 449 PRAEFATIO.
2384 385 2473 452 17

299 541 411 607 ilio
436 542 502 607 in
529 542 656 607 hoc
681 539 1484 625 commentarioplurimae
1510 539 1774 606 laeunae
1803 541 2165 625 suppletae',
2204 543 2472 629 aliaque

296 646 548 711 infinita
569 650 789 719 errata
805 642 1181 726 integritati,
1199 661 1355 708 suae.
1368 641 1681 707 restituta
1702 650 1880 707 sunt.
1919 643 1966 707 J
1971 653 2249 711 uveruut
2269 649 2478 712 etiam

292 747 577 813 nonnihil
599 747 1014 813 collectanea
1041 746 1377 830 quaedam,
1407 764 1557 828 quae
1585 745 1653 808 in
1679 744 2092 812 bibliotheca
2122 750 2308 833 regia
2338 751 2474 816 Pa-

293 849 565 928 risiensi,
592 855 661 914 et
684 850 956 914 schedae
985 855 1147 914 vett.
1178 849 1327 913 Pet.
1355 848 1661 913 Danielis
1689 846 2061 929 Aureliani,
2091 851 2216 916 viri
2243 852 2473 917 huma·

288 950 563 1019 nissimi.
649 951 788 1016 Sed
836 949 1068 1016 nescio
1112 950 1228 1034 qui
1282 950 1485 1017 veluti
1534 949 1617 1014 de
1666 959 2027 1034 compacto
2078 952 2352 1032 factum,
2401 960 2472 1019 ut

289 1050 525 1118 Graeca
551 1051 693 1118 fere
710 1054 941 1119 omnia
964 1053 1036 1118 in
1067 1053 1377 1118 omnibus
1408 1053 1599 1119 libris
1626 1053 1795 1118 adeo
1826 1054 2072 1120 vitiose
2101 1056 2371 1140 scripta,
2398 1064 2473 1125 ut

285 1174 427 1220 raro
468 1156 628 1240 quid
661 1155 817 1221 inde
853 1155 1015 1220 boni
1060 1155 1390 1220 extricare
1417 1154 1706 1235 licuerit,
1752 1155 1862 1221 vel
1904 1156 2248 1239 indagare,
2286 1159 2471 1242 quod

288 1260 510 1340 specie
531 1257 699 1323 recti
724 1257 1039 1342 placeret.
1129 1256 1372 1339 Itaque
1398 1275 1538 1322 non
1571 1263 1809 1323 nostro
1849 1258 2112 1338 saltem,
2144 1261 2265 1325 sed
2297 1262 2465 1325 alio-

289 1379 423 1427 rum
463 1380 740 1444 quoque
771 1360 1055 1444 judici0,
1090 1350 1510 1426 characteres
1542 1362 1820 1428 vitiosos
1842 1382 2211 1448 proponere
2255 1366 2476 1430 volui-

285 1482 453 1542 muS,
473 1469 547 1527 ut
578 1464 853 1528 cuilibet
871 1483 994 1547 pro
1018 1466 1223 1547 captu
1254 1482 1336 1528 ac
1357 1463 1658 1529 lubidine
1681 1464 2093 1531 emendandi
2135 1483 2345 1533 causa
2372 1487 2471 1532 re·-

281 1566 679 1649 linqueretur
705 1567 979 1649 integra.

360 1667 818 1753 Eugraphium
848 1689 984 1734 non
1011 1671 1130 1733 uni
1160 1670 1502 1735 debemuS.
1593 1670 1850 1736 Praeter
1883 1690 2107 1755 pauca
2127 1671 2303 1736 enim
2330 1672 2473 1751 illa,
2497 1686 2502 1690 ·

281 1792 426 1854 quae
451 1771 660 1856 hujus
691 1772 1075 1838 scholiastae
1120 1773 1422 1839 Faernus
1475 1773 1575 1839 vir
1623 1773 2175 1856 diligentissimus
2208 1775 2371 1839 olim
2399 1778 2474 1839 in·
2562 1813 2571 1817 -

279 1872 474 1940 Italia
499 1876 959 1960 provulgavit,
1003 1877 1145 1943 alia
1186 1878 1381 1959 longe
1427 1877 1625 1960 plura
1647 1896 1751 1940 ex
1799 1876 2271 1960 antiquissimo
2300 1877 2478 1942 libro

279 1973 432 2041 Ant.
464 1977 752 2042 Loiselli
776 1978 847 2043 J.
878 1978 958 2044 C.
1006 1999 1179 2044 nunc
1230 1980 1512 2063 primum
1565 1979 1779 2044 edita:
1817 1985 1913 2057 et,
1957 1999 2111 2063 quae
2161 1979 2320 2045 huic
2363 1980 2476 2045 de·

277 2087 479 2158 erant,
523 2100 621 2144 ex
660 2082 966 2146 nobiliss.
1021 2082 1257 2147 Franc.
1315 2082 1597 2148 Olivarii
1641 2082 1874 2147 codice
1925 2084 2247 2166 suppleta
2297 2091 2472 2149 sunt.

278 2180 514 2248 Cetera
547 2203 711 2247 vero
743 2203 894 2267 quae
922 2183 1404 2262 desiderantur,
1449 2185 1508 2249 si
1542 2185 1714 2250 tanti
1744 2184 2157 2263 videbuntur,
2190 2204 2233 2250 a
2259 2184 2474 2250 felici-

279 2285 507 2349 oribus
560 2287 816 2351 meliori
861 2287 1119 2352 saeculo
1157 2288 1297 2352 fors
1341 2288 1490 2352 fuat
1518 2306 1605 2351 an
1634 2288 1702 2350 in
1730 2286 1946 2350 lucem
1975 2288 2252 2371 proferri
2280 2292 2476 2372 pote·

275 2396 462 2453 runt:
510 2408 712 2466 nam,
729 2394 804 2453 ut
831 2409 958 2452 nos
987 2389 1095 2454 hic
1124 2389 1316 2454 Italis
1345 2389 1540 2472 plura
1569 2389 2030 2472 praestitimuS,
2071 2389 2196 2468 sic,
2219 2386 2344 2454 alii
2372 2389 2475 2454 di-

272 2490 617 2574 ligentiam
644 2499 935 2556 nostram
980 2491 1041 2556 si
1083 2491 1518 2575 supplebunt,
1555 2510 1692 2554 non
1739 2492 2202 2556 invidebimus.
2288 2493 2476 2558 Laus

277 2600 378 2658 est
417 2594 720 2678 publica.
808 2593 1040 2679 Extat*
1066 2594 1336 2678 quidem
1370 2594 1658 2658 Parisiis
1701 2587 1785 2657 'in
1834 2594 2245 2660 bibliotheca
2289 2597 2472 2680 regia

274 2703 724 2761 commentum
753 2696 821 2760 in
842 2696 1016 2760 hune
1042 2696 1414 2774 Gomieum,
1439 2695 1803 2779 Eugraphii
1827 2697 2027 2761 titulo
2050 2696 2429 2779 insignitum
2445 2719 2472 2763 ,τ

275 2797 392 2862 sed
423 2798 599 2862 adeo
629 2797 962 2881 ineptum,
993 2797 1297 2881 adeoque
1324 2797 1521 2879 nugis
1553 2798 1853 2880 plenum,
1900 2803 1970 2861 ut
2004 2817 2171 2863 >vere
2211 2802 2354 2883 quis
2385 2815 2474 2865 ex

275 2899 644 2965 Luciorum
675 2900 907 2964 schola
936 2900 1200 2965 detonsi
1241 2900 1598 2984 cujusdam
1630 2900 2029 2964 tenebrionis
2058 2900 2302 2983 dixerit
2326 2902 2475 2966 bla-

274 3007 752 3067 tetamentum:
822 3002 1079 3067 idcirco
1136 3003 1338 3067 etiam
1393 3002 1722 3086 ejusmodi
1784 3002 2047 3068 affaniis
2114 3001 2474 3069 editionem

273 3104 438 3170 hanc
468 3105 927 3171 contaminare
956 3105 1154 3170 nobis
1185 3105 1420 3188 religio
1446 3105 1598 3172 fuit.
1647 3112 1652 3123 ’

1085 3370 1675 3411 w
1763 3402 1770 3413 .

540 3576 1190 3646 EXCERPTA
1275 3581 1334 3645 E
1421 3576 2219 3646 PRAEFATIONE

798 3708 1080 3774 FRID.
1128 3707 1549 3783 HENRICI
1594 3706 1941 3773 BOTHE.

690 3892 756 3937 v*
906 3894 974 3939 ιιι
1136 3864 1235 3933 *ι’
1334 3892 1403 3937 ,ιε
1571 3890 1618 3932 ιιι
1787 3892 1830 3935 *
2005 3893 2051 3938 ar

279 3990 628 4059 Comuvm
663 4000 818 4060 sunt
838 3996 1175 4062 'in-usum
1220 3995 1419 4080 hujus
1449 3996 1763 4061 editionis
1795 3994 2068 4063 codices
2121 3992 2290 4060 Mss.
2321 4014 2473 4071 seX,

277 4096 464 4177 paris
492 4096 975 4180 propemodum
1012 4099 1243 4164 aetatis
1296 4117 1548 4177 omnes,
1584 4117 1870 4182 quorum
1901 4099 2193 4183 quinque
2218 4099 2477 4179 integri,

282 4197 451 4261 alter
481 4204 710 4262 autem
738 4198 1426 4286 Guelferbytanornm,
1456 4220 1654 4284 quem
1691 4203 2128 4285 posteriorem
2157 4220 2358 4276 voc0,
2389 4218 2478 4262 ex

296 4314 305 4319 ’
413 4310 590 4380 ΒεὶρΙι.
608 4323 661 4367 et
689 4317 797 4369 ναν.
819 4319 947 4370 ctas.
1308 4321 1493 4371 Terent.
1518 4336 1523 4339 “
2222 4324 2226 4329 “
2302 4318 2346 4366 B
