3050 4942
594 394 706 443 so.
755 388 1086 441 nuncius
1136 375 1249 439 n13³
1284 374 1634 439 antomi-
1671 377 1911 439 marm
1960 389 2291 445 Tanaum.
2428 373 2555 444 195

632 685 764 753 DE
806 684 1249 754 RATIONE
1292 665 1607 751 METRI
1653 660 2271 751 TERENTIAM

1124 820 1260 887 so.
1325 818 1774 887 LENows.

345 1009 447 1070 Dr„
474 1014 680 1072 metris
707 1009 1075 1073 Terentianis
1102 1020 1172 1071 ut
1198 1013 1383 1073 multa
1410 1011 1629 1084 dicam,
1679 1031 1872 1091 neque
1901 1012 2156 1074 instituti
2185 1016 2370 1075 nostri
2417 1018 2550 1078 bre-

340 1106 770 1189 vitas‘patitur‘:
815 1115 877 1170 et
917 1106 1171 1192 plurimi,
1213 1107 1312 1188 qui
1341 1107 1418 1168 de
1445 1108 1558 1168 hac
1587 1127 1649 1166 re
1677 1108 2060 1187 scripserunt,
2087 1109 2195 1168 viri
2224 1111 2549 1176 doctissimi

343 1207 852 1283 supervacaneum
876 1204 997 1265 sere
1025 1205 1311 1265 fecerunt.
1395 1203 1515 1264 Sed
1545 1203 1825 1283 quoniam
1852 1204 1912 1264 in
1935 1205 2111 1266 variis
2141 1206 2318 1287 hujus
2342 1220 2548 1270 aucto-

341 1299 423 1359 ris
452 1297 811 1361 lectionibus
840 1301 1241 1382 dijudicandis
1269 1302 1439 1363 metri
1467 1302 1617 1361 ratio
1642 1300 1805 1374 haud
1846 1321 2051 1381 parum
2089 1303 2283 1383 juvat,
2325 1304 2552 1368 idcirco

342 1415 538 1476 pauca
564 1397 864 1478 quaedam,
890 1419 1027 1478 quae
1055 1399 1173 1460 huc
1200 1408 1494 1480 spectant,
1522 1397 1939 1477 praemittenda
1966 1397 2265 1462 duximus.

378 1487 383 1494 ’
424 1477 655 1554 Versus
703 1493 902 1574 igitur,
946 1494 1162 1574 quibu‘s
1189 1495 1373 1555 utitur
1398 1495 1730 1566 Terentius,
1778 1505 1917 1555 sunt
1949 1496 2297 1577 plerumque
2324 1501 2416 1560 vel
2445 1501 2548 1561 tri-

341 1590 515 1649 metri
558 1590 684 1650 sive
730 1592 963 1665 senarii,
1011 1591 1103 1651 vel
1146 1590 1467 1651 tetrametri
1497 1610 1602 1650 seu
1632 1591 1959 1651 octonarii:
2004 1592 2268 1654 dimetris
2310 1596 2557 1675 quidem

342 1702 795 1765 nonnunquam,
837 1685 951 1747 sed·
971 1687 1178 1760 rarius,
1206 1683 1423 1756 utitur;
1467 1686 1849 1764 monome‘tris
1878 1689 2194 1750 rarissime.

1156 1867 1268 1928 DE
1321 1865 1724 1929 SENARIIS.

425 1973 654 2038 Notum
701 1987 796 2038 est
841 1979 1119 2070 senarios
1163 1978 1302 2040 olim
1349 1979 1643 2058 perfectos
1674 1997 1778 2040 sex
1807 1977 2062 2059 pedibus
2093 1980 2302 2040 iambis
2332 1980 2564 2044 consti·.

342 2069 523 2133 tisse:
569 2074 765 2152 qualis
795 2085 922 2136 est:

590 2187 930 2249 Amantium
956 2188 1058 2249 irae
1087 2189 1303 2250 amoris
1328 2189 1643 2269 integratio
1669 2197 1781 2250 est.

346 2297 465 2357 Sed
492 2309 710 2379 praeter
733 2300 895 2364 hunc
924 2323 1156 2364 versum
1186 2304 1393 2365 nullibi
1436 2324 1530 2364 me
1577 2324 1785 2384 purum
1829 2303 2138 2365 iambicum
2189 2303 2368 2383 apud.
2390 2303 2551 2364 hunc

345 2397 645 2457 auctorem
695 2397 1159 2478 deprehendisse
1209 2400 1446 2460 memini
1474 2420 1491 2461 ε
1553 2399 1715 2480 quo'd
1769 2400 1946 2460 e‘tiam
1993 2400 2138 2460 facit
2180 2410 2249 2460 ut
2290 2399 2566 2472 credam,

342 2487 710 2569 proverbiale
739 2493 853 2554 h'oc
880 2495 1063 2556 fuisse
1095 2496 1344 2570 dictum,
1392 2498 1467 2556 ab
1517 2497 1846 2575 antiquiore
1885 2496 2086 2575 aliquo
2113 2498 2290 2576 poeta
2317 2506 2552 2556 mutua-

342 2595 490 2648 tum.
576 2590 811 2653 Deinde
840 2601 1039 2653 autem
1067 2602 1367 2673 receptum
1397 2601 1511 2666 est,
1559 2602 1629 2652 ut
1671 2602 1885 2672 praeter
1929 2592 2139 2672 pedem
2166 2592 2423 2651 iambum
2453 2592 2555 2651 tri·-

343 2683 606 2765 brachyn
632 2689 759 2766 (qui
780 2688 848 2747 fit
874 2698 937 2749 et
962 2689 1321 2750 resolutione
1349 2687 1556 2764 iambi)
1582 2687 1760 2748 etiam
1788 2686 2110 2767 spondaeus
2132 2695 2194 2746 et
2214 2701 2419 2746 omnes
2446 2707 2552 2766 pe-

346 2777 452 2839 des
469 2782 574 2859 qui
596 2793 737 2843 sunt
758 2783 1024 2864 ejusdem
1044 2806 1178 2847 cum
1201 2783 1792 2866 spondaeo—temporis
1812 2789 2050 2863 (praeter
2066 2781 2554 2862 amphibrachyn)

345 2875 403 2933 in
434 2875 679 2938 sedibus
706 2879 1046 2961 imparibus,
1087 2901 1303 2962 nempe
1330 2883 1539 2962 prima,
1583 2880 1779 2952 tertia,
1822 2879 2032 2959 quinta
2058 2877 2548 2945 admitterentur;

345 2970 510 3034 locos
538 2995 734 3056 pares,
781 2978 822 3038 i.
853 2999 908 3039 e.
954 2980 1303 3054 secundum,
1346 2980 1648 3062 quartum,
1700 2988 1932 3041 sextum
1960 2985 2292 3054 occupante
2319 2974 2552 3035 interim

348 3071 475 3130 solo
518 3074 737 3134 iambo.
824 3076 1183 3156 Hujusmodi
1233 3097 1440 3139 versus
1468 3078 1631 3160 apud
1659 3076 1908 3136 Graecos
1935 3085 2058 3134 tam
2086 3073 2348 3133 comicos
2377 3090 2553 3151 quam

345 3168 606 3247 tragicos
635 3171 1030 3244 usitatissimi,
1058 3172 1220 3253 apud
1249 3185 1519 3235 nostrum
1549 3185 1851 3233 auctorem
1880 3169 2197 3242 interdum,
2222 3169 2327 3229 sed
2358 3169 2574 3228 minus

345 3264 701 3344 frequenter,
733 3277 1063 3349 apparent:
1107 3279 1210 3330 ut:

587 3379 828 3441 Accede
854 3381 932 3441 ad
958 3383 1157 3463 ignem
1182 3382 1364 3457 hunc,
1395 3383 1521 3463 jam
1550 3382 1813 3442 calesces
1844 3380 1977 3461 plus
2009 3381 2177 3440 satis.

346 3488 658 3553 Postremo
682 3493 885 3573 igitur,
924 3504 994 3555 ut
1019 3505 1267 3556 metrum
1295 3496 1587 3556 comicum
1616 3493 1693 3554 ad
1725 3512 2054 3555 sermonem
2084 3492 2384 3572 vulgarem
2417 3510 2550 3569 pro·-

346 3587 477 3664 pius
508 3589 839 3664 accederet,
880 3590 957 3652 de
994 3591 1137 3653 sede
1183 3604 1351 3653 sexta
1378 3602 1607 3653 tantum
1638 3591 1762 3651 sive
1791 3591 1999 3650 ultima
2029 3588 2244 3649 soliciti
2273 3607 2405 3647 esse
2435 3604 2554 3643 coe-

346 3694 579 3761 petunt,
632 3697 701 3747 ut
747 3688 939 3767 ipsam
985 3710 1218 3771 semper
1263 3691 1494 3750 iambus
1547 3698 1904 3768 occuparet;
1964 3687 2024 3743 in
2075 3684 2284 3744 ceteris
2335 3691 2552 3752 autem,

349 3777 671 3842 dummodo
699 3783 1024 3843 trochaeum
1068 3786 1473 3857 excluderent,
1516 3785 1659 3843 satis
1703 3783 2057 3851 habuerunt,
2102 3778 2152 3837 si
2200 3777 2294 3837 vel
2342 3777 2552 3836 tribra-

349 3873 526 3956 chyn,
566 3878 664 3940 vel
680 3877 1067 3960 ‘spondoeutm
1093 3883 1187 3943 vel
1217 3883 1503 3961 spondaeo
1527 3879 1752 3960 (quoad
1784 3877 2076 3956 tempora)
2113 3893 2313 3956 parem
2343 3872 2548 3950 dacty-

350 3973 487 4046 lum,
532 3983 925 4057 an‘apae'stum,
971 3979 1560 4059 proceleusmaticum
1607 3996 1714 4058 pro
1765 3974 1936 4035 libitu
1978 3973 2353 4052 usurparent.
2439 3969 2554 4029 Per

351 4071 669 4132 trochaeum
699 4083 916 4146 autem,
936 4094 1115 4153 quem
1138 4091 1442 4154 nunquam
1469 4073 1729 4134 admittit
1750 4090 1986 4132 carmen
2011 4069 2349 4135 iambicum,
2371 4066 2551 4125 istum

359 4183 580 4248 semper
624 4171 892 4250 intelligo
942 4171 1392 4251 pedem,.quus
1423 4173 1666 4251 primam
1697 4170 1986 4251 syllabam
2017 4167 2264 4246 longam·
2292 4164 2572 4242 sequitur,
