3050 4942
527 308 660 376 258
1291 325 1571 375 noem
1621 325 1988 414 vn‘rnnum

1489 471 1580 539 Et
1605 491 1789 540 mox.

623 589 707 655 In
758 590 1110 678 obsequio,
1165 591 1483 677 quoniam
1523 573 1930 658 Terentiano
1980 593 2183 658 verbo
2226 592 2507 658 libenter
2562 599 2733 672 utor,

539 694 825 760 comitas
855 693 1054 761 adsit.
1659 723 1668 729 ·

984 827 1344 910 Horatius,
1372 830 1492 896 lib.
1522 827 1743 916 Epist.
1774 830 1863 896 ad
1892 830 2295 916 Augustum.

586 941 590 946 ’
709 948 978 1015 Dicitur
1008 947 1248 1015 Afrani
1276 956 1435 1032 toga
1463 950 1862 1016 convenisse
1890 949 2305 1017 Menandro:

708 1051 993 1118 Plautus
1020 1051 1109 1117 ad
1137 1053 1484 1140 exemplar
1512 1052 1730 1122 Siculi
1759 1073 2122 1140 properare
2151 1054 2581 1138 Epicharmi:

708 1149 1000 1221 Vincere
1028 1153 1353 1222 Caecilius
1380 1156 1729 1241 gravitate,
1758 1157 2119 1224 Terentius
2149 1163 2317 1224 arte.

711 1257 869 1325 Hos
898 1257 1165 1338 ediscit,
1196 1265 1267 1324 et
1293 1258 1419 1325 hos
1448 1264 1638 1326 arcto
1667 1260 1923 1346 stipata
1951 1260 2202 1327 theatro

712 1359 988 1446 Spectat
1013 1360 1238 1428 Roma
1262 1360 1598 1449 frequens.

1162 1502 1473 1585 OvidiuS,
1499 1505 1617 1571 lib.
1653 1523 1730 1573 11.
1758 1506 2104 1574 Tristium.
2376 1595 2383 1603 .

624 1622 780 1688 Nec
804 1622 976 1688 liber
1002 1621 1323 1688 indicium
1353 1630 1464 1690 est
1491 1624 1742 1706 animi;
1787 1623 1909 1689 sed
1935 1624 2224 1691 honesta
2255 1624 2564 1691 voluntas

705 1723 1014 1791 Plurima
1040 1725 1414 1792 mulcendis
1445 1725 1723 1791 auribus
1753 1732 1922 1810 apta
1948 1725 2171 1793 refert.

624 1825 882 1893 Accius
908 1833 1093 1895 esset
1121 1834 1358 1895 atrox:
1402 1830 1696 1896 conviva
1720 1829 2081 1896 Terentius
2112 1834 2330 1911 esset3

708 1927 960 1995 Essent
984 1950 1323 2017 pugnaces
1353 1931 1471 2015 qui
1498 1932 1642 1997 fera
1671 1932 1853 1997 bella
1881 1940 2149 1997 canunt.

632 2078 993 2147 Volcatius
1037 2081 1403 2167 Sedigitus‚
1446 2083 1632 2169 apud
1679 2081 1765 2148 A.
1795 2082 1971 2149 Gell.
2015 2083 2135 2147 lib.
2170 2098 2302 2147 xv.
2346 2100 2499 2166 cap.
2524 2082 2636 2145 24.

709 2206 969 2273 Multos
1001 2209 1291 2275 incertos
1321 2213 1571 2275 certare
1596 2210 1768 2275 hanc
1795 2230 1937 2275 rem
1964 2209 2275 2288 vidimus,

706 2307 1017 2374 Palmam
1046 2309 1271 2394 po'etae
1301 2311 1570 2377 comico
1601 2311 1716 2376 cui
1745 2311 2068 2378 deferant.

708 2410 905 2490 Eum,
931 2432 1039 2477 me
1061 2410 1310 2496 judice,
1339 2432 1621 2479 errorem
1648 2412 2022 2480 dissolvam
2049 2413 2175 2479 tibi
2197 2434 2217 2480 ι

707 2512 810 2579 Ut
837 2518 1072 2579 contra
1097 2516 1157 2580 si
1186 2515 1342 2600 quis
1373 2515 1645 2594 sentiat,
1674 2515 1842 2581 nihil
1876 2515 2151 2581 sentiat.

707 2616 993 2685 Caecilio
1023 2616 1320 2704 palmam
1348 2616 1573 2683 Statio
1606 2617 1693 2683 do
1726 2618 2014 2683 comico.

705 2702 996 2787 Plautus
1025 2719 1358 2786 secundus
1386 2720 1587 2785 facile
1615 2723 1974 2803 exsuperat
2002 2725 2284 2784 ceteroS.

613 2889 617 2894 .
704 2823 883 2890 Dein
911 2822 1226 2901 Naevius,
1256 2823 1371 2907 qui
1401 2827 1624 2888 servet
1650 2823 1965 2905 pretium,
1993 2820 2300 2888 tertiu'st.

704 2924 782 2991 Si
811 2926 961 3003 erit,
984 2923 1168 3006 quod
1194 2930 1457 3008 quarto,
1485 2923 1755 3020 dabitur
1785 2922 2068 2989 Licinio.

706 3026 874 3093 Post
899 3027 1169 3111 insequi
1197 3027 1525 3092 Licinium
1552 3027 1735 3093 facio
1760 3025 2069 3091 Atilium.

707 3125 797 3192 In
821 3132 1018 3193 sexto
1050 3127 1353 3213 sequitur
1378 3128 1503 3193 hos
1531 3129 1685 3194 loco
1714 3128 2086 3194 Terentius.

703 3228 1051 3314 Turpilius
1081 3230 1458 3314 septimum,
1485 3228 1764 3295 Trabea
1791 3236 2105 3296 octavum
2131 3229 2420 3296 obtinet.

704 3328 913 3395 Nono
937 3328 1095 3394 loco
1122 3348 1275 3394 esse
1302 3328 1504 3396 facile
1532 3329 1716 3396 facio
1749 3331 2090 3397 Luscium.

702 3429 1062 3497 Decimum
1093 3430 1274 3497 addo
1305 3451 1518 3498 causa
1547 3432 1963 3518 antiquitatis
1992 3431 2302 3497 Ennium.

1131 3573 1440 3641 Velleius
1469 3574 1888 3681 Paterculus,
1916 3575 2034 3641 lib.
2065 3592 2117 3639 1.

619 3693 1013 3778 Dulcesque
1043 3692 1271 3760 Latini
1312 3691 1564 3778 leporis
1605 3691 1876 3759 facetiae
1923 3712 2044 3777 per
2072 3690 2455 3772 Caecilium,
2484 3691 2732 3760 Teren-

530 3793 857 3882 tiumque,
880 3801 947 3862 et
972 3795 1322 3863 Afranium
1349 3792 1631 3878 suppari
1660 3799 1867 3858 aetate
1894 3792 2253 3859 nituerunt.

1078 3931 1243 3997 Fab.
1273 3928 1659 4010 Quintilian.
1684 3927 1802 3996 lib.
1833 3947 1912 3995 x.
1941 3948 2092 4014 cap.
2122 3929 2182 3994 l.

621 4047 705 4113 In
747 4048 1102 4115 Comoedia
1144 4049 1437 4114 maxime
1482 4047 1979 4130 claudicamus;
2039 4047 2199 4114 licet
2242 4046 2465 4112 Varro
2527 4048 2732 4124 dicat,

537 4145 782 4214 Musas
810 4133 977 4216 AE‘lii
1019 4149 1292 4218 Stilonis
1335 4148 1665 4214 sententia
1698 4148 2011 4217 Plautino
2054 4167 2355 4216 sermone
2383 4148 2727 4216 locuturas
