3050 4942
549 372 681 443 384
1302 379 1366 431 Ρ.
1410 375 1777 430 TERENTH
1827 376 2003 430 Attal

550 535 653 600 Si.
698 531 832 598 Nae
854 530 1059 595 'istam
1089 529 1502 595 multimodis
1526 533 1712 594 tuam
1740 527 2017 594 inveniri
2044 524 2329 610 gaudeo.
2416 518 2551 589 ΡΑ.
2578 518 2730 590 Cte-

808 634 920 712 do,
952 636 1162 716 pater.

551 736 690 804 CH.
735 735 831 801 At
858 736 1020 800 mihi
1048 752 1216 800 unus
1246 734 1605 818 scrupulus
1633 734 1835 798 etiam
1864 737 2111 813 restat3
2144 729 2260 815 qui
2288 749 2397 794 me
2417 729 2594 793 male
2621 729 2736 793 ha-

806 838 940 904 bet.
1029 836 1165 902 PA.
1210 837 1469 919 Dignus
1498 853 1574 898 es
2080 820 2085 824 ⁶

554 940 727 1006 Cum
773 949 893 1005 tua
931 939 1275 1023 religione,
1319 939 1519 1003 odio:
1564 935 1813 1002 nodum
1856 937 1928 1001 in
1973 935 2202 1020 scirpo
2246 935 2519 1019 quaeris.
2606 931 2736 997 Cu.

811 1041 997 1122 Quid
1027 1044 1202 1107 istuc
1232 1048 1336 1106 est
1356 1043 1386 1105 ‘l
2031 1078 2038 1085 ·

552 1145 687 1212 Cn.
733 1145 999 1211 Nomen
1052 1163 1180 1209 non
1238 1147 1578 1231 convenit..
1661 1143 1793 1208 CR.
1849 1141 2008 1207 Fuit
2062 1140 2283 1206 hercle
2340 1139 2498 1204 huic
2560 1138 2741 1204 aliud

811 1266 1067 1331 parvae.
1157 1246 1293 1311 CH.
1341 1245 1567 1326 Quod,
1597 1244 1829 1310 Crito?
2280 1258 2288 1262 ’

555 1348 904 1434 Numquid
947 1348 1365 1412 meministi&
1456 1349 1589 1413 CR.
1637 1347 1721 1412 Id
1754 1367 2007 1431 quaero.
2093 1347 2227 1411 ΡΑ.
2282 1342 2517 1427 Egone
2548 1344 2742 1429 hujus

810 1451 1203 1515 memoriam
1234 1451 1459 1535 patiar
1485 1470 1660 1515 meae
2660 1448 2745 1510 40

555 1553 909 1638 Voluptati
939 1553 1232 1628 obstare,
1277 1570 1432 1616 oum
1472 1557 1737 1636 egomet
1779 1551 2041 1635 possim
2067 1550 2141 1614 in
2168 1550 2295 1615 hac
2325 1569 2396 1613 re
2425 1549 2746 1614 medicari

809 1654 969 1720 mihi
986 1656 1016 1718 ‘l

500 1860 511 1867 ·
559 1853 702 1901 Certe
722 1850 864 1899 istam
888 1849 1163 1916 Glycerium
1183 1851 1420 1900 inventam
1458 1864 1558 1900 esse
1595 1855 1726 1899 tuam
1758 1864 1818 1898 ex
1856 1848 2017 1898 minuis
2054 1852 2100 1896 et
2132 1847 2275 1896 certis
2295 1846 2592 1907 argumentis
2623 1845 2751 1894 velte·

554 1919 736 1964 menter
767 1918 967 1976 gaudeo.
1035 1915 1138 1966 ΡΑ.
1176 1917 1349 1979 Credo,
1383 1921 1541 1978 pater.
1607 1916 1715 1964 Cu.
1748 1915 1818 1964 At
1852 1914 1971 1962 mihi
2009 1927 2152 1961 anum
2194 1911 2383 1960 dubiam
2411 1912 2559 1960 etiam
2589 1915 2754 1972 restat,

555 1982 678 2044 quod
697 1994 771 2029 me
790 1981 943 2042 ang-it.
1006 1980 1111 2029 ΡΑ.
1143 1980 1341 2042 Dignus
1374 1995 1422 2028 es
1456 1980 1581 2043 odio,
1612 1994 1714 2028 cum
1747 1985 1832 2028 tua
1852 1977 2177 2040 superstitiosa
2196 1975 2453 2025 anxietate.
2526 1976 2600 2025 Τιι
2621 1975 2674 2023 ia
2700 1989 2751 2023 re

555 2045 750 2097 minime
770 2046 913 2094 dubia
935 2046 1216 2095 occasionem
1236 2045 1484 2094 dubitandi
1504 2044 1696 2108 qaoeris.
1763 2043 1862 2093 CR.
1899 2042 2029 2099 Quid
2064 2040 2194 2092 istud
2229 2036 2339 2090 est?
2403 2040 2512 2090 CH.
2556 2039 2755 2102 Nomen,

555 2124 645 2172 qao
664 2109 799 2157 illam
819 2115 1003 2171 vocant,
1020 2124 1112 2158 non
1133 2110 1347 2158 convenit
1381 2124 1484 2157 cum
1517 2108 1705 2158 nomine
1724 2107 1851 2172 filice
1887 2122 2021 2156 meoe.
2087 2105 2188 2155 cn.
2223 2104 2341 2153 Fuit
2373 2104 2529 2154 hercle
2560 2104 2692 2153 aliud
2711 2103 2754 2152 ei

553 2188 736 2231 nomen,
757 2175 866 2221 dum
881 2189 1028 2235 parva
1049 2178 1170 2223 erat.
1236 2174 1341 2222 Cn.
1368 2173 1525 2234 Quod,
1551 2172 1727 2225 Crito?
1749 2173 1991 2235 Numquid
2009 2166 2304 2219 meministi?
2370 2169 2468 2219 CR.
2511 2168 2571 2217 ld
2583 2183 2754 2232 quoero.

558 2238 662 2286 ΡΑ.
698 2238 863 2297 Egone
882 2238 1019 2298 haias
1037 2237 1232 2300 fluxam
1270 2237 1540 2286 memoriam
1570 2237 1732 2301 patiar
1764 2251 1880 2286 meae
1915 2235 2148 2298 voluptati
2179 2249 2358 2282 moram
2391 2234 2585 2292 injicere
2598 2249 2618 2291 ,-
2652 2247 2752 2282 cnm

555 2314 643 2362 ego
659 2305 836 2364 possim
855 2302 956 2364 ipse
976 2302 1095 2351 mihi
1125 2303 1381 2351 remedium
1400 2298 1656 2351 invenire?
1694 2302 1803 2350 Non
1821 2301 2001 2365 patiar.
2066 2300 2223 2361 fleus,
2258 2298 2459 2346 Chreme
2475 2298 2502 2349 Ι
2533 2301 2657 2361 quod
2676 2312 2755 2347 aa·

1808 2432 1837 2450 ρ

557 2526 711 2576 modis
730 2526 842 2578 ΕΡ.
870 2526 1013 2594 [Βι.]
1040 2527 1193 2580 Weat.
1263 2529 1338 2578 Ne
1356 2529 1499 2578 istam
1519 2529 1683 2580 maltis
1703 2534 1849 2581 taam.
1915 2529 1986 2579 O.
2006 2529 2127 2578 libri
2151 2526 2347 2592 antiqui
2378 2533 2433 2576 et
2465 2526 2575 2575 Do.
2599 2524 2755 2574 maltis

556 2592 729 2653 modis,
752 2593 966 2642 habent.
1031 2593 1134 2643 Sed
1166 2595 1315 2643 Bem.
1342 2596 1655 2654 multimodis,
1691 2594 1827 2658 quod
1854 2594 1916 2642 ad
1947 2606 2148 2643 versum
2172 2593 2364 2656 optime
2387 2590 2630 2656 quadrat.
2668 2591 2752 2641 Fa.

552 2657 727 2720 Turpe
747 2656 989 2707 mendum
1004 2659 1117 2721 jam
1137 2658 1228 2708 diu
1249 2660 1332 2708 hic
1354 2659 1563 2709 insedit.
1627 2661 1876 2722 Repone:
1912 2660 2009 2706 Noe
2029 2659 2173 2707 istam
2204 2656 2495 2706 multimodis
2516 2655 2669 2704 civem
2686 2655 2754 2703 in-

555 2727 743 2771 ventam
775 2725 973 2784 gaudeo.
1013 2725 1171 2775 nent.
1237 2723 1363 2773 Sane
1390 2724 1536 2773 istam
1555 2724 1720 2773 multis
1746 2723 1897 2773 modis
1928 2725 2052 2773 Vet.
2076 2721 2206 2772 Cod.
2241 2721 2388 2770 Lina.
2455 2719 2757 2768 Multimodis

550 2786 776 2849 junctim
815 2795 979 2837 recte.
1013 2788 1148 2838 Perl.
1232 2788 1318 2838 Sic
1361 2788 1487 2853 legit
1530 2789 1776 2837 Botiiius:
1832 2788 1929 2837 Noe
1972 2792 2010 2836 t.
2056 2803 2118 2837 m.
2160 2786 2366 2836 irweniri
2408 2799 2512 2834 eam
2555 2786 2754 2846 gaudeo.

558 2851 662 2902 Cn.
702 2852 870 2901 credo.
936 2853 1040 2901 ΡΑ.
1075 2853 1413 2904 Pater-...Sane
1443 2868 1539 2919 pro
1559 2854 1655 2902 Noe
1677 2851 1855 2902 Guelf.
1880 2855 2077 2900 2.--3⁷.
2110 2855 2174 2900 38
2209 2851 2401 2912 Dignus
2434 2865 2484 2898 es
2520 2848 2646 2897 Cum
2680 2855 2756 2898 tua

555 2916 804 2977 relig-ione,
833 2917 958 2965 odio.
1022 2917 1292 2980 Integrum
1315 2917 1452 2968 hunc
1474 2932 1677 2967 versum
1701 2917 1837 2981 Guy.
1872 2915 2102 2979 expungi
2138 2916 2267 2972 vult,
2302 2922 2547 2978 tanquam
2583 2914 2658 2961 ab
2684 2914 2753 2961 iu-

556 2981 877 3040 terpolatore
898 2987 1088 3031 ortum.
1157 2983 1349 3031 Verum
1374 2997 1491 3032 cum
1515 2987 1572 3031 et
1596 2982 1834 3047 apposite
1854 2982 2113 3042 dicautur,
2134 2987 2192 3030 et
2211 2979 2561 3039 Latinissime,
2576 2984 2635 3027 et
2647 2978 2752 3042 jam

556 3043 757 3092 Donati
791 3051 950 3094 aetate
982 3046 1122 3094 lecta
1157 3045 1278 3108 sint,
1305 3047 1425 3110 jure
1455 3045 1783 3096 vindicantur
1803 3046 2067 3102 Terentio,
2091 3045 2190 3094 nisi
2210 3045 2344 3109 quod
2369 3044 2610 3092 Donatus
2635 3042 2755 3104 legit

555 3109 730 3157 odiam.
767 3107 921 3159 Quod
945 3109 990 3156 si
1012 3108 1275 3171 admittas,
1298 3111 1372 3159 ita
1393 3111 1747 3160 distinxerim:
1784 3110 1980 3171 Dignus
2000 3125 2049 3159 es
2069 3110 2188 3158 Cum
2210 3113 2293 3158 tua
2309 3109 2568 3170 religione.-
2589 3108 2755 3156 odiam.

558 3172 674 3221 Nisi
694 3171 868 3234 dignas
888 3173 1045 3221 odiam
1066 3174 1278 3236 scripsit
1297 3176 1588 3237 Terentius,
1608 3176 1687 3225 uti
1704 3174 1915 3224 Phorm.
1936 3188 2022 3224 ιιι.
2045 3177 2094 3224 2.
2114 3178 2197 3224 34.
2231 3175 2247 3203 ⁴
2270 3173 2343 3222 Di
2367 3172 2463 3222 tibi
2488 3187 2667 3222 omues
2688 3171 2754 3231 id,

558 3236 696 3300 quod
717 3251 770 3284 es
791 3236 995 3300 diguus,
1018 3238 1203 3288 duint.'
1245 3239 1399 3290 West.
1471 3241 1648 3290 Odium
1683 3238 1839 3289 habet
1870 3239 2021 3289 Bem.
2053 3245 2110 3287 et
2140 3238 2209 3288 V.
2242 3236 2677 3302 quemadmodum
2705 3243 2755 3284 et

559 3302 665 3351 Do.
689 3300 739 3351 le
778 3301 838 3351 it.
879 3302 968 3352 Fa.
1037 3302 1230 3353 Noster
1252 3318 1457 3370 quoque
1481 3305 1791 3355 veterrimus
1813 3303 2001 3353 odium.-
2031 3309 2087 3351 et
2111 3303 2185 3352 sic
2216 3303 2437 3365 Nouius„
2459 3317 2512 3351 v.
2536 3300 2754 3367 Religio,

559 3372 615 3413 et
636 3365 733 3416 Cle
772 3366 919 3415 ouius
944 3381 996 3430 p.
1020 3371 1166 3418 1901.
1201 3369 1349 3419 Bent.
1418 3369 1596 3419 Odium
1616 3369 1810 3434 legitur
1832 3368 1884 3417 iu
1905 3367 2213 3416 membranis
2237 3368 2465 3430 optimis,
2496 3380 2600 3416 non
2638 3365 2752 3427 odio,

559 3437 622 3479 ut
643 3431 760 3480 edd.
796 3432 1028 3496 quodam
1054 3432 1266 3482 habent.
1320 3434 1537 3484 Vossius
1560 3434 1627 3483 de
1650 3432 2052 3484 constructione
2075 3447 2121 3480 c.
2147 3435 2226 3482 13.
2250 3431 2435 3497 aliique
2459 3432 2624 3479 odium
2644 3444 2751 3479 cum

559 3495 576 3524 ‘
601 3495 813 3559 diguus’
836 3496 1085 3560 jungunt,
1122 3504 1183 3546 ut
1214 3498 1392 3560 dignus
1422 3498 1583 3548 odium
1617 3499 1851 3562 elliptice
1881 3497 2087 3547 dicatur
2119 3512 2235 3559 pro,
2270 3497 2454 3560 dignus
2477 3496 2541 3543 ad
2568 3495 2750 3544 odium.

558 3559 661 3609 Sed
687 3561 870 3610 melius
891 3569 972 3611 est
996 3568 1114 3625 post
1136 3577 1312 3612 vocem
1348 3565 1365 3592 ‘
1390 3563 1669 3627 religione'
1705 3564 2093 3625 interpungere,
2131 3570 2183 3611 et
2220 3562 2376 3610 odiam
2398 3560 2644 3621 accipere
2669 3572 2750 3622 pro

558 3624 765 3675 homine
787 3626 984 3685 odioso,
1004 3635 1064 3675 ut
1085 3628 1100 3655 ‘
1120 3627 1287 3677 scelus
1302 3627 1316 3649 ’
1339 3642 1433 3690 pro
1455 3627 1659 3677 homine
1683 3628 1928 3676 scelesto.
1952 3625 2017 3674 R.
2037 3625 2105 3674 D.
2164 3626 2340 3675 Odium
2362 3625 2493 3674 dant
2516 3624 2578 3673 Z.
2605 3625 2748 3673 Bent.

561 3689 714 3740 Both.
736 3691 1012 3740 Perh-sa
1044 3690 1217 3740 Guelf.
1240 3697 1289 3741 2.
1331 3692 1462 3741 Huic
1481 3695 1736 3741 nome—41
1773 3693 1994 3752 Egomet.
2052 3690 2313 3740 Revocavi
2337 3702 2517 3739 vocem
2542 3702 2610 3737 ex
2632 3689 2748 3736 Mss.

561 3756 820 3805 nonnullis
844 3761 901 3804 et
921 3755 1041 3804 edd.
1063 3756 1452 3821 antiquissimiS,
1487 3756 1993 3822 approbantepetiam
2017 3754 2184 3804 Rivio.
2252 3755 2446 3818 Vulgo,
2464 3768 2571 3816 ego.
2593 3753 2745 3803 West.

1546 3891 1771 3944 NOTAE

629 3991 691 4036 37
723 3987 795 4037 At
815 3988 934 4036 mihi
956 4003 1075 4038 unus
1092 3990 1359 4054 scrupulas]
1392 3991 1621 4054 Scrupus
1764 3993 1830 4039 38
1863 3989 2053 4039 Nodum
2089 3989 2143 4038 ia
2175 3989 2330 4053 scirpo
2359 3986 2561 4052 quar-is]
2592 3985 2753 4049 Seirpi

565 4068 648 4112 est
685 4063 893 4126 lapillus
929 4064 1087 4127 pedes
1124 4067 1496 4117 ambulantium
1530 4067 1623 4116 lae-
1690 4065 1983 4129 juncisunt
2004 4066 2263 4128 palustres
2285 4064 2398 4113 sine
2421 4063 2588 4113 nodo:
2624 4060 2750 4111 unde

565 4134 709 4184 dens.
772 4136 1075 4201 scrupulus,
1098 4140 1212 4204 ejus
1244 4141 1623 4204 diminutivum,
1702 4140 2041 4190 Proverbium
2076 4148 2160 4190 est
2198 4140 2264 4190 de
2293 4140 2374 4189 liis
2407 4139 2498 4204 qui
2529 4140 2581 4190 in
2603 4137 2747 4188 rebus

564 4225 662 4274 per
685 4214 1072 4264 translationem
1109 4217 1365 4279 significat
1405 4217 1620 4270 difficul-
1700 4215 1854 4266 claris
1876 4217 2168 4281 scrupulum
2191 4222 2447 4283 quaernnt.

567 4293 752 4351 tatem,
771 4288 1077 4352 molestiam,
1097 4291 1326 4344 dubium.
