3050 4942
1639 193 1655 220 Χ

928 403 1272 456 nunnoni
1321 408 1488 456 κστ.
1536 409 1633 455 ιν.
1680 408 1783 460 sc.
1832 412 1933 459 lv.
2135 433 2140 437 ·
2391 400 2518 468 481

320 549 566 617 Colore
591 513 989 622 mustellino,
1070 550 1218 618 PH.
1264 552 1474 634 Hem,
1504 576 1657 641 qnae
1686 556 1836 624 haeo
1864 561 1970 626 est
1996 559 2282 652 ffabula'l

318 652 422 720 Eo
447 654 690 738 redigis
721 674 850 734 me,
881 663 979 736 ut,
1011 656 1173 740 quid
1199 658 1470 741 egerim,
1501 666 1766 744 egomet
1793 663 2114 730 nesciam.

313 854 532 936 mustela.
565 853 675 905 Pu.
694 855 819 905 Hem
831 852 855 904 Ι
873 871 976 920 quoe
995 856 1097 907 hoec
1106 856 1381 919 estsabnla?
1401 859 1476 909 Eo
1493 860 1772 927 meredigis,
1786 866 2032 925 utegomet
2043 862 2518 930 nesciam,emerimne

1216 1012 1244 1032 e
1248 1012 1336 1042 eto-p
1339 1012 1584 1034 eam

311 1122 469 1174 Both.
487 1123 765 1176 Peru—22
789 1125 853 1175 In
878 1126 941 1176 R.
962 1132 1030 1176 est
1049 1127 1394 1179 desideratur.
1420 1130 1566 1180 Lind.
1609 1130 1657 1181 A
1682 1132 1893 1182 Donato
1910 1131 2155 1183 discimus
2171 1133 2515 1184 Menandrum

310 1188 399 1238 hic
423 1188 613 1238 dixisse
628 1192 913 1241 stellionem.-
934 1193 1228 1243 Terentium
1249 1209 1372 1245 vero
1395 1197 1505 1246 sive
1527 1204 1787 1247 errantem
1813 1199 1919 1247 sive
1939 1198 2246 1261 prudentem
2266 1201 2515 1250 scientem

313 1254 504 1304 dixisse
525 1258 797 1307 mustelam.-
830 1258 963 1307 hanc
988 1259 1178 1308 Graece
1200 1262 1360 1320 γαλῆν
1381 1261 1509 1321 dici,
1527 1263 1672 1311 illum
1703 1263 1970 1323 γαλεώτην.
2035 1264 2183 1314 Bene
2208 1266 2273 1313 sit
2305 1265 2379 1313 illi
2404 1265 2517 1329 qui-

310 1318 451 1381 dem,
489 1322 625 1385 quod
648 1322 1021 1371 Menandreum
1044 1324 1171 1373 illud
1196 1326 1342 1375 nobis
1363 1327 1620 1388 servavit;
1655 1329 1799 1391 cujus
1833 1330 1995 1378 ductu
2027 1336 2081 1377 et
2113 1328 2306 1378 indicio
2323 1330 2517 1379 Teren-

311 1384 479 1433 tianos
501 1386 711 1436 codices
748 1403 780 1436 a
817 1390 1120 1449 gravissimo
1161 1399 1332 1439 errato
1361 1391 1474 1455 jam
1512 1392 1869 1443 liberabimus«
1932 1395 2085 1457 Nego
2107 1395 2242 1444 enim
2269 1394 2518 1445 Nostrum

311 1449 507 1499 dixisse
542 1453 708 1501 Colore
742 1456 1020 1503 mustelino:
1055 1470 1189 1517 nego
1226 1458 1384 1506 ullum
1420 1458 1572 1506 alium
1609 1459 1684 1507 sic
1718 1458 1909 1508 dixisse
1933 1467 2023 1508 aut
2045 1459 2221 1509 dicere
2247 1461 2516 1523 potuisse;

309 1528 413 1563 non
434 1517 597 1579 magis
614 1532 789 1587 fluam-
804 1520 819 1546 ‘
837 1520 1022 1568 Colore
1047 1521 1274 1585 equino,'
1306 1524 1321 1549 ‘
1342 1522 1530 1571 Colore
1555 1523 1774 1573 cauino.'
1828 1524 1934 1573 Cur
1956 1524 2090 1574 hoc?
2122 1525 2261 1588 quia,
2285 1531 2344 1573 ut
2366 1526 2517 1589 Equo

308 1582 552 1650 autscani
573 1597 672 1631 nou
697 1598 826 1632 unus
843 1591 896 1633 et
919 1587 1158 1649 proprius
1182 1593 1262 1636 est
1283 1587 1443 1648 color,
1475 1589 1553 1636 ita
1573 1603 1741 1652 neque
1768 1589 2026 1639 Mustelae.
2095 1590 2342 1652 Mustela,
2369 1591 2516 1639 testi·

309 1645 408 1695 bus
432 1646 666 1696 Gesnero
688 1655 742 1697 et
766 1648 1026 1712 Agricola,
1061 1650 1362 1715 plerumque
1401 1659 1486 1702 est
1520 1653 1574 1700 in
1612 1654 1767 1702 dorso
1806 1660 1860 1703 et
1896 1653 2150 1703 lateribus
2187 1655 2361 1715 rutila,
2400 1669 2518 1704 raro

312 1710 589 1761 subfulva:
627 1714 678 1761 in
717 1720 944 1777 gutture.
971 1729 1178 1778 semper
1215 1716 1464 1777 candida3
1500 1719 1623 1781 quin
1661 1732 2024 1782 nonnunquam
2051 1725 2161 1768 tota
2182 1717 2405 1768 candida
2436 1733 2518 1769 re-

310 1776 535 1840 peritur,
568 1792 858 1843 quanquam
883 1781 1064 1830 rarius.
1131 1780 1271 1832 Quid
1294 1782 1495 1844 igitur?
1531 1784 1571 1832 si
1598 1784 1741 1832 color
1764 1784 2032 1848 quisquam
2052 1784 2325 1834 mustelinus
2342 1783 2517 1834 dictus

313 1848 414 1903 est,
435 1857 464 1892 a
488 1858 586 1906 qua
611 1845 844 1906 corporis
865 1853 1017 1908 parte
1040 1844 1208 1896 dictus
1230 1853 1344 1908 est3
1378 1846 1551 1906 dorso,
1574 1863 1638 1896 an
1663 1849 1913 1911 gutture?
1943 1848 1999 1897 Si
2032 1849 2097 1898 ab
2131 1850 2245 1912 hoc,
2265 1848 2518 1898 candidus

312 1913 416 1969 est,
446 1907 489 1956 si
509 1908 573 1957 ab
596 1908 703 1968 illo,
724 1911 922 1960 rutilus.
988 1910 1115 1962 Quis
1137 1910 1299 1974 igitur
1324 1914 1428 1961 tale
1451 1927 1639 1962 nomen
1663 1913 1927 1976 indiderit,
1962 1914 2289 1966 tamincerti
2321 1920 2378 1963 et
2410 1928 2517 1966 am-

302 2019 313 2028 ,
346 1974 457 2036 igni
478 1988 658 2022 sensus
680 1974 699 2022 ?
732 1976 773 2023 si
799 1975 1124 2026 AEdesionem
1151 1976 1317 2038 audis,
1337 1978 1620 2026 sublividus
1654 1979 1796 2028 color
1818 1985 1932 2040 est;
1967 1981 2012 2028 si
2046 1980 2417 2042 Eugraphium‚
2440 1978 2519 2028 ni-

311 2051 439 2100 ἕως
474 2039 516 2087 si
537 2054 620 2087 me
645 2040 809 2104 audis,
843 2041 1010 2090 nullus
1032 2055 1253 2106 unquam
1278 2057 1342 2091 eo
1365 2044 1572 2092 nomine
1593 2043 1826 2106 signatus
1849 2051 1948 2094 est.
2011 2041 2169 2093 Aliud
2192 2059 2318 2107 ergo
2348 2044 2520 2100 inves-

309 2104 552 2165 tigemus.
619 2105 927 2167 Menander,
948 2121 1063 2156 cum
1094 2108 1398 2162 Eunuchum
1432 2108 1567 2157 hunc
1587 2107 1855 2172 γαλεώτην,
1876 2107 2189 2170 stellionem,
2211 2108 2439 2171 vocavit,
2460 2109 2518 2157 id

310 2168 494 2231 voluit,
528 2167 665 2218 facie
690 2185 806 2219 enm
831 2170 992 2221 fuisse
1016 2172 1294 2231 maculosa,
1314 2173 1622 2236 lentiginosa
1643 2191 1658 2235 ;
1696 2175 1811 2222 talis
1846 2174 1981 2224 enim
2005 2174 2228 2224 stellioni
2252 2174 2395 2223 color
2418 2180 2517 2223 est.

310 2234 474 2297 Ergo,
496 2242 548 2283 et
571 2250 677 2284 rem
701 2236 863 2300 ipsam
898 2244 953 2286 et
976 2243 1242 2286 auctorem
1265 2244 1495 2298 secutus,
1517 2240 1795 2288 Terentius
1817 2240 1892 2288 sic
1916 2238 2164 2289 dederat:
2201 2239 2304 2288 Hie
2323 2244 2394 2288 est
2415 2240 2515 2287 oie-

310 2303 406 2360 tue,
430 2304 580 2362 vetus,
599 2307 882 2360 veternosus,
901 2316 1063 2364 senex,
1091 2303 1260 2353 Colore
1278 2304 1562 2353 stellionino.
1628 2304 1737 2354 Pu.
1771 2305 1919 2368 Hem,
1949 2320 2056 2367 «μισ
2082 2305 2181 2354 hoec
2212 2309 2282 2353 est
2304 2302 2540 2364 fabula?

312 2362 580 2424 Ceterum,
599 2380 713 2429 quae
735 2367 812 2415 vir
837 2367 1077 2418 eruditus
1098 2369 1275 2417 multis
1301 2368 1471 2417 verbis
1495 2368 1562 2417 ad
1585 2368 1721 2419 hunc
1752 2369 1922 2420 locum
1945 2370 2230 2433 contexuit,
2262 2371 2408 2433 piget
2428 2383 2519 2416 ex·

310 2437 506 2479 eutere.
551 2430 614 2479 In
637 2431 925 2481 Menandro
943 2434 1124 2483 scribit
1138 2432 1382 2494 γαλεώδης
1398 2432 1564 2499 γέρων,
1585 2435 1681 2484 hoc
1702 2441 1799 2497 est,
1818 2434 2110 2497 γαλεοειδὴς,
2135 2450 2166 2483 a
2183 2435 2323 2498 pisce
2332 2435 2518 2496 γαλεῷ,

309 2496 564 2543 mustela:
599 2504 656 2545 et
676 2497 774 2545 hoc
801 2505 952 2559 pacto
987 2513 1041 2547 se
1075 2505 1226 2561 putat
1248 2500 1556 2550 Terentium
1580 2501 1645 2548 ab
1680 2502 1814 2549 omni
1843 2515 2020 2550 errore
2043 2501 2284 2549 liberare.
2351 2500 2517 2548 Immo

309 2564 364 2609 et
387 2560 684 2610 Terentium
710 2569 763 2612 et
785 2563 1131 2612 Menandrum
1161 2564 1331 2626 ipsum
1355 2576 1532 2613 errore
1555 2566 1814 2625 cumulat;
1846 2565 1890 2612 si
1914 2564 2205 2613 eunuchum
2227 2564 2363 2612 hunc
2387 2563 2519 2626 pisci

307 2628 760 2688 comparaverint:
797 2642 1018 2691 quanam
1054 2628 1272 2676 obsecro
1309 2628 1681 2678 similitudine?
1723 2629 1877 2678 Pisce
1912 2630 2104 2678 mutior
2138 2642 2254 2677 esse
2296 2628 2518 2688 mallem,

307 2704 462 2756 quam
487 2691 613 2739 talia
635 2692 794 2756 loqui.
830 2694 977 2742 Bent.
1045 2693 1262 2755 Mirum,
1295 2693 1595 2742 Bentleium
1618 2680 1812 2742 Donati
1841 2694 2095 2742 incertam
2118 2693 2519 2752 correctionem,

309 2769 464 2820 qnam
487 2756 718 2805 Terentii
750 2758 1063 2821 scripturam
1086 2758 1138 2807 in
1162 2764 1466 2807 contextum
1492 2758 1728 2820 recipere
1763 2764 2099 2822 praeoptasse.
2143 2758 2296 2808 West.
2362 2756 2520 2805 Bent.

309 2819 518 2872 erudite
554 2822 685 2883 legit
718 2823 1000 2872 stellionino.
1063 2824 1128 2872 R.
1156 2824 1226 2872 D.
1278 2823 1551 2871 Bentleius
1585 2837 1653 2872 ex
1690 2823 1988 2872 Menandro
2015 2830 2072 2872 et
2102 2821 2298 2872 Donati
2340 2828 2516 2871 mente

308 2885 521 2948 reponit
546 2886 840 2937 stellionino:
875 2897 930 2936 et
966 2889 1066 2939 Do.
1092 2887 1266 2950 arguit
1288 2888 1608 2949 Terentium,
1643 2889 1730 2953 qui
1754 2904 1785 2937 a
1807 2887 2100 2937 Menandro
2123 2887 2401 2947 aberrat-it,
2428 2902 2520 2947 γα·

305 2950 492 3010 λύτην
513 2965 687 3000 senem
710 2953 948 3013 dicente;
970 2953 1058 3002 sed
1082 2954 1169 3001 alii
1187 2951 1491 3003 defendunt.
1538 2951 2055 3015 Ριιῐαωιιεηαλεώδης
2076 2952 2324 3016 scriptum
2341 2950 2518 3001 fuisse.

307 3015 430 3079 Bip.
496 3017 762 3066 Donatum
784 3020 930 3083 sequi
954 3018 1139 3067 debuit
1163 3019 1321 3068 Bent.
1368 3033 1468 3067 nec
1505 3019 1835 3068 committere
1858 3025 1916 3068 ut
1938 3018 1991 3067 in
2021 3016 2257 3067 fraudem
2281 3018 2395 3079 ipse
2420 3016 2521 3066 illi·

309 3087 521 3132 ceretur
555 3081 620 3130 ab
647 3082 760 3132 istis
799 3084 1169 3145 grammaticis,
1203 3085 1309 3148 qui,
1342 3084 1532 3133 Latina
1561 3083 1625 3133 ad
1650 3085 1840 3134 Graeca
1873 3084 2095 3134 obscura
2124 3083 2392 3147 diligentia
2411 3082 2521 3132 exi·

308 3153 512 3221 gentes,
544 3161 645 3195 non
671 3147 878 3211 poetam
904 3149 1185 3210 cupiebant
1209 3149 1476 3210 Nostrum,
1495 3150 1587 3198 sed
1614 3151 1827 3200 verbum
1850 3148 1917 3198 de
1943 3149 2102 3199 verbo
2127 3154 2519 3199 convertentem

308 3217 672 3274 interpretem.
738 3214 866 3265 Quis
906 3216 1037 3263 enim
1078 3213 1256 3265 audiat
1290 3215 1432 3263 illum
1466 3216 1733 3265 stellionino
1779 3223 2136 3280 reponentem,
2187 3215 2331 3278 quasi
2375 3214 2521 3263 color

309 3278 645 3326 mustelarum
658 3292 818 3341 -aeque
850 3279 1077 3328 incertus
1100 3281 1167 3329 sit
1189 3287 1342 3343 atque
1363 3294 1612 3344 equorum
1638 3286 1692 3328 et
1716 3280 1934 3329 canum?
1969 3281 2133 3330 Immo
2154 3279 2386 3329 mustelae
2411 3280 2523 3341 ple·

309 3354 488 3405 raeqne
507 3357 703 3405 omnes,
733 3343 953 3393 testibus
973 3358 1100 3407 quos
1123 3344 1323 3406 Anglus
1353 3344 1550 3406 laudat,
1586 3345 1638 3394 in
1662 3345 1815 3394 dorso
1840 3353 1894 3394 et
1916 3344 2165 3392 lateribus
2191 3345 2357 3393 rutilae
2381 3348 2522 3403 sunt,

308 3418 430 3455 raro
454 3406 728 3467 subfulvae,
759 3410 925 3458 rarius
963 3410 1118 3457 etiam
1160 3415 1284 3458 totae
1323 3408 1579 3467 candidae,
1614 3415 1667 3457 et
1703 3408 2146 3472 frequentissimas
2174 3409 2258 3457 hic
2280 3407 2522 3470 intelligi,

308 3478 714 3521 consentaneum
739 3479 834 3522 est.
866 3473 1017 3522 Both.
1058 3473 1146 3537 qui
1169 3473 1261 3521 dat
1282 3473 1676 3521 mustelino.--23
1712 3473 1863 3524 Quod
1888 3473 1939 3520 in
1963 3472 2189 3536 antiquis
2213 3472 2524 3537 quibusdam

308 3535 461 3585 libris
495 3545 596 3599 est,
625 3538 834 3600 emerim,
868 3544 1226 3601 pervetustum
1263 3535 1487 3593 Videtur,
1519 3542 1576 3585 et
1607 3538 1715 3600 jam
1742 3553 1771 3586 a
1794 3537 2056 3586 Ciceronis
2079 3551 2221 3597 aevo;
2261 3537 2349 3601 qui
2382 3536 2520 3584 haud

311 3601 441 3664 scio,
473 3615 537 3650 an
563 3603 662 3651 huc
683 3603 995 3666 respexerit,
1018 3602 1248 3652 scribens
1266 3600 1380 3652 Att.
1401 3616 1441 3651 1.
1467 3606 1549 3650 19.
1583 3601 1600 3629 ‘
1619 3603 1718 3651 Ille
1742 3602 1878 3651 alter
1895 3602 1970 3650 ita
2004 3602 2129 3650 nihil
2153 3608 2250 3665 est,
2270 3607 2331 3651 ut
2354 3602 2526 3664 plane,

310 3666 438 3730 quid
461 3668 665 3730 emerit,
700 3668 935 3717 nesciat.’
996 3667 1099 3718 Sed
1134 3674 1190 3717 et
1224 3667 1418 3717 emerim
1454 3667 1648 3729 legisse
1688 3667 1890 3716 videtur
1927 3666 2186 3716 Donatus.
2254 3666 2341 3715 An
2379 3667 2524 3715 locus

312 3744 592 3796 expressus
615 3746 646 3782 e
670 3733 898 3783 Plauto?
933 3733 1058 3785 Vid.
1086 3732 1245 3796 Epid.
1282 3746 1370 3781 m.
1399 3735 1447 3780 4.
1479 3735 1565 3781 40.
1600 3732 1932 3782 Praetulerim
1957 3739 2133 3782 tamen
2154 3731 2350 3794 egerim.
2415 3732 2520 3781 Ms.

1310 3875 1525 3930 No'rAE

381 3997 448 4056 22
485 3994 656 4042 Colore
696 3994 987 4058 mustellino]
1038 3995 1144 4044 Hic
1185 3994 1379 4045 erravit
1459 3995 1632 4045 dinem
1658 3995 1908 4047 stellionis
1928 3996 2017 4061 qui
2037 3995 2175 4060 pelle
2193 3999 2276 4044 est
2297 3993 2523 4044 maculo·

314 4070 629 4120 Terentius:
671 4086 807 4135 nam,
840 4087 955 4121 cum
995 4072 1206 4136 legisset
1239 4073 1376 4136 apud
1460 4089 1537 4130 sa,
1562 4079 1621 4123 ut
1643 4073 1923 4122 *Eunuchus
1945 4072 2035 4121 ille
2070 4078 2184 4121 erat
2206 4085 2296 4120 ore
2317 4084 2519 4134 sparso;

314 4148 696 4198 Menandrum:
752 4149 998 4209 γαλεώτης
1038 4147 1207 4213 γέρων,
1240 4150 1377 4213 quod
1459 4150 1634 4199 stellio
1671 4156 1847 4198 autem
1893 4155 1975 4199 est
2006 4146 2269 4210 γαλεώτης,
2303 4147 2526 4197 mustela

311 4225 680 4290 lentiginosum
714 4240 889 4274 senem
914 4226 1193 4290 significat,
1215 4228 1378 4290 cujus·
1462 4241 1587 4275 vero
1606 4231 1686 4275 est
1701 4227 1866 4286 ’γαλῆς
1900 4224 2013 4275 haec
2032 4238 2309 4290 perperam
2330 4224 2524 4276 Teren·

317 4302 459 4353 modi
488 4301 605 4352 fene
630 4308 754 4353 sunt
775 4302 1027 4366 Eunuchi,
1059 4303 1125 4353 ad
1146 4304 1383 4355 similitu·
1462 4304 1567 4352 tius
1586 4302 1873 4358 confundit,

449 4383 625 4448 Delph.
647 4390 693 4433 et
720 4383 834 4435 Ver.
856 4384 985 4436 Clas.
1343 4383 1533 4434 Terent.
2277 4388 2308 4431 2
2343 4382 2396 4430 H
