3050 4942
1263 368 1676 422 parsurm.
2486 355 2572 422 13

372 536 747 602 nunquam3
790 519 852 583 is
893 536 1074 598 vero,
1105 519 1167 584 si
1198 519 1539 603 Guyetum
1573 517 1659 582 ad
1703 514 1877 582 And.
1907 532 2006 581 ιν.
2040 516 2103 582 1.
2126 515 2192 581 3.
2235 517 2573 598 audimus,

368 622 466 686 rei
505 623 801 686 metricae
846 621 1046 705 plane
1094 622 1440 705 imperitus
1483 621 1630 686 suit.
1716 620 1878 686 Jam
1923 640 2080 685 vero
2137 620 2443 685 Muretus
2484 621 2572 686 ad

370 722 547 787 And.
581 740 697 790 111.
728 725 793 789 2.
816 726 878 791 1.
926 728 947 759 ‘
970 723 1140 788 Sunt
1176 723 1288 790 bic
1322 722 1619 808 aliquot,’
1669 724 1907 807 inquit,
1960 726 1980 756 ‘
2002 741 2260 800 versuS,
2291 743 2575 807 quorum

370 824 858 891 dimensionem
902 827 1245 910 explicare
1275 847 1362 892 ex
1391 827 1727 891 veteribus
1770 824 1993 890 Libris
2036 843 2172 889 non
2220 826 2443 909 potui,
2484 845 2572 890 ex

369 926 636 1010 ingenio
665 927 892 994 nolui.'
980 928 1197 1007 Idem,
1225 925 1392 993 Var.
1425 928 1618 992 Lect.
1654 942 1764 992 111.
1794 927 1863 993 3.
1906 927 2275 1005 existimat,
2324 928 2574 992 Histri-

372 1048 540 1093 ones
567 1031 636 1093 in
666 1030 1033 1097 recitandis
1063 1030 1350 1096 Fabulis
1398 1031 1716 1115 quaedam
1761 1030 1851 1095 de
1902 1049 2029 1096 suo
2078 1028 2447 1108 addidisse,
2498 1038 2578 1094 ut

370 1133 595 1197 oratio
639 1134 1059 1215 quotidianae
1107 1133 1392 1198 similior
1419 1132 1789 1214 videretur3
1836 1138 2040 1218 atque
2093 1131 2254 1196 hinc
2298 1131 2577 1212 factum,

332 1310 345 1323 .
371 1239 453 1296 ut
483 1253 717 1299 versus
744 1234 1133 1301 Terentiani
1163 1253 1352 1318 saepe
1383 1233 1735 1300 videantur
1754 1241 1965 1301 metro
1994 1234 2327 1299 laborare.
2416 1233 2578 1300 Pal·

328 1332 335 1337 ’
371 1335 624 1400 merius
667 1343 893 1402 autem
939 1338 1026 1402 ad
1073 1337 1345 1402 Phorm.
1378 1355 1448 1399 ν.
1477 1339 1543 1402 7.
1575 1340 1683 1403 77.
1727 1356 1966 1403 versus
2013 1337 2347 1421 quosdam
2382 1336 2575 1420 justo

368 1435 645 1518 longius
672 1457 1022 1504 excurrere
1074 1443 1330 1516 censet,
1379 1456 1516 1503 non
1560 1439 1706 1504 sine
1753 1459 1992 1524 magna
2036 1440 2267 1524 gratia,
2298 1447 2375 1504 ut
2414 1441 2579 1505 talia

374 1546 567 1604 extra
596 1559 938 1605 numerum
969 1545 1380 1606 censeantur.
1472 1540 1777 1607 Faernus
1828 1547 2136 1620 testatur,
2181 1562 2257 1607 se
2304 1560 2577 1608 versum

371 1641 642 1706 tertium
671 1648 739 1707 et
771 1643 1189 1726 vigesimum,
1219 1641 1374 1708 Act.
1412 1660 1495 1708 ιι.
1527 1643 1639 1709 Sc.
1669 1644 1737 1710 3.
1785 1644 2232 1722 PhormioniS,
2261 1649 2405 1708 tum
2434 1661 2575 1708 ver—

374 1762 528 1808 sum
577 1750 881 1827 quartum
921 1753 995 1810 et
1039 1744 1656 1830 quadragesimum,
1704 1744 1866 1812 Act.
1893 1763 1962 1810 v,
2011 1746 2125 1811 Sc.
2154 1749 2223 1811 7.
2269 1744 2577 1830 ejusdem

371 1844 663 1911 Fabulae
692 1846 974 1930 pedibus
1003 1849 1220 1913 metiri
1243 1868 1379 1913 non
1408 1866 1631 1932 posse.
1689 1847 1834 1913 Alii
1856 1848 1945 1914 ad
1973 1847 2107 1914 alia
2137 1847 2577 1913 adhaeserunt.

375 1948 621 2031 Neque
652 1949 733 2013 P.
765 1948 1233 2032 Antesignani,
1275 1950 1558 2035 singulis
1586 1951 1895 2015 versibus
1924 1956 2240 2036 tanquam
2268 1948 2579 2035 proprios

372 2050 587 2135 pedes
617 2051 705 2117 ad
736 2072 922 2117 oram
951 2055 1377 2132 ascribentiS,
1407 2054 1524 2119 sed
1555 2055 1722 2120 inter
1750 2053 2100 2119 Erasmum
2131 2059 2201 2118 et
2222 2052 2291 2117 J.
2309 2050 2388 2116 C.
2408 2050 2578 2115 Sca-

370 2153 660 2237 liger-um
708 2175 972 2239 semper
1001 2156 1188 2221 dubii
1234 2165 1305 2221 et
1332 2157 1741 2237 fluctuantiS,
1788 2156 2000 2221 nimia
2045 2155 2392 2238 diligentia
2435 2172 2579 2218 rem

372 2257 549 2320 satis
578 2258 954 2340 expedivit.
1042 2263 1062 2293 ‘
1082 2258 1402 2324 Profecto
1432 2257 1661 2339 tanta,’
1704 2259 1916 2323 verba
1946 2265 2105 2323 sunt
2126 2258 2173 2323 J
2177 2277 2280 2323 ac.
2309 2256 2579 2321 Perizo-

372 2359 474 2423 nii
522 2359 610 2422 ad
657 2360 887 2425 Sanct.
921 2361 1091 2426 Min.
1138 2381 1206 2445 p.
1233 2363 1387 2427 417.
1438 2360 1766 2426 ‘invaluit
1792 2359 2081 2439 licentia,
2136 2365 2208 2424 ut
2255 2358 2377 2424 vix
2424 2355 2579 2422 inde

378 2460 546 2544 quid
575 2468 760 2527 certa
788 2464 1050 2528 ratione
1078 2465 1387 2548 probare,
1416 2465 1524 2530 vel
1554 2464 1835 2531 refutare
1868 2460 2116 2546 queas.'
2173 2462 2375 2539 Etsi,
2398 2458 2583 2545 quod

379 2581 511 2628 sua
526 2563 675 2646 jam
694 2560 904 2631 ae'tate
934 2566 1202 2633 dicebat
1229 2567 1493 2645 Cicero,
1545 2566 1975 2631 Comicorum
2008 2564 2272 2631 Senarii
2301 2568 2581 2647 propter

368 2666 888 2733 similitudinem
917 2669 1240 2734 sermonis
1269 2671 1364 2735 ita
1393 2669 1643 2752 abjecti
1675 2674 1855 2745 sunt,
1906 2674 1984 2731 ut
2008 2683 2483 2747 nonnunquam
2511 2664 2581 2727 in

371 2767 482 2832 his
537 2789 852 2836 numerus
882 2778 953 2836 et
984 2791 1216 2836 versus
1262 2773 1386 2836 vix
1428 2769 1721 2852 intelligi
1768 2771 2013 2852 possit,
2063 2766 2253 2850 quid,
2306 2764 2577 2843 amabo,

376 2871 541 2935 aliis
601 2871 988 2938 Car-minum
1039 2874 1412 2957 generibuS,
1450 2873 1694 2957 quibus
1743 2869 2102 2937 Comoedia
2158 2867 2400 2934 referta
2451 2871 2578 2944 est,

379 2972 498 3038 fiet
518 2975 548 3037 ’ἱ
669 2975 1004 3041 Viderunt
1073 2976 1171 3054 id,
1221 2977 1342 3060 qui
1369 2975 1793 3060 temporibus
1857 2972 2197 3037 Prisciani
2243 2978 2460 3036 metra
2509 2970 2582 3033 in

375 3075 681 3140 Terentii
706 3076 1086 3142 Comoediis
1118 3097 1268 3142 esse
1305 3082 1646 3160 negarunt.
1736 3075 2147 3158 Quanquam
2191 3074 2343 3157 quis
2390 3071 2462 3136 id
2509 3072 2581 3138 in

377 3178 763 3243 universum
808 3179 1290 3245 affirmaverit‘l
1384 3178 1630 3261 Neque
1672 3185 1900 3242 tamen
1953 3195 2109 3241 cum
2157 3172 2581 3253 Quintiliano

370 3279 540 3363 -plus
588 3281 818 3364 gratiae
848 3282 1190 3348 habituras
1221 3280 1431 3346 fuisse
1461 3280 1886 3359 crediderim,
1915 3279 1978 3345 si
2003 3280 2184 3344 intra
2203 3297 2436 3344 versus
2466 3277 2583 3340 tri-
2691 3312 2702 3319 -

376 3390 630 3447 metros
660 3383 1022 3448 stetissent.
1113 3383 1343 3450 Grave
1375 3382 1555 3447 enim
1579 3381 1845 3447 videtur
1866 3380 2171 3465 judicare
2201 3380 2284 3445 de
2315 3378 2580 3462 judicio

378 3485 618 3549 talium
647 3483 988 3564 Virorum,
1012 3484 1100 3551 ad
1131 3504 1415 3570 quorum
1444 3484 1800 3549 scientiam
1831 3484 2080 3550 cumin
2097 3482 2412 3558 Poetica,
2435 3489 2582 3546 tum

377 3588 446 3651 in
478 3587 701 3652 Latini
733 3588 1058 3652 sermonis
1089 3588 1444 3669 elegantia,
1466 3591 1824 3671 quotquot
1874 3593 1982 3652 tot
2009 3584 2275 3670 quidem
2303 3583 2579 3648 saeculis

377 3695 536 3775 post
558 3689 764 3753 hasce
794 3688 997 3755 Artes
1028 3695 1424 3768 tractarunt,
1475 3689 1585 3755 vel
1635 3689 1843 3753 etiam
1881 3708 2090 3753 nunc.
2114 3690 2431 3761 tractant,
2460 3683 2582 3748 vix

375 3782 814 3874 comparandi
843 3797 1024 3870 sunt,
1046 3811 1135 3856 ne
1156 3791 1316 3876 quid
1347 3791 1614 3873 gravius
1646 3789 1888 3853 dicam.
1956 3788 2067 3852 Ita
2094 3788 2296 3870 igitur
2321 3789 2578 3862 statuo,

376 3898 447 3956 et
474 3912 788 3958 arcanum
817 3891 1006 3957 Artis
1034 3893 1339 3958 Metricae
1361 3890 1573 3974 prisci
1601 3889 1788 3953 illius
1821 3888 1953 3955 aevi
1979 3888 2236 3953 dudum
2284 3905 2437 3952 esse
2467 3885 2582 3950 de-

378 3995 738 4078 perditum,
769 4001 839 4060 et
862 4015 1097 4061 versus
1127 3994 1445 4061 Comicus
1484 3991 1755 4058 omnino
1784 3991 1886 4055 ita
1915 3991 2217 4075 abjectos
2245 4010 2325 4055 eo
2357 3988 2583 4054 consi·

378 4097 496 4174 lio,
527 4101 601 4160 ut
630 4117 672 4161 a
720 4115 1028 4162 sermone
1073 4099 1328 4182 vulgari
1378 4115 1614 4182 parum
1664 4099 1780 4158 aut
1838 4094 1998 4159 nihil
2049 4095 2327 4170 abirent,
2360 4110 2577 4173 eoque

376 4201 563 4267 haud
593 4220 742 4267 raro
773 4201 1224 4285 miscerentur.
1299 4202 1531 4267 Vitam
1562 4199 1737 4263 enim
1768 4198 2007 4265 imitati
2036 4199 2254 4264 soluta
2283 4194 2578 4261 oratione
