3050 4942
534 350 655 439 ἶ60
1244 391 1517 447 vic‘roa
1568 393 1664 441 DE
1711 394 2103 445 commum.

557 535 843 613 juvenum
872 532 1084 595 choros
1112 525 1397 592 institutis
1424 531 1681 613 populus
1727 534 1891 594 abuti
1936 535 2397 615 prohibebatur:
2440 537 2600 620 quod
2634 562 2770 622 par-

566 631 857 695 ticulatim
902 649 940 689 a
987 629 1262 691 Platonio
1309 630 1563 711 legimus
1603 629 1991 712 disputatum.
2074 634 2144 694 Id
2173 634 2370 715 itaque
2398 639 2769 701 animadver-

570 736 762 788 tentes
804 729 1018 806 poiitoe,
1059 727 1558 807 quemadmodum
1607 729 1729 790 lata
1776 730 1907 811 lege
1951 731 2026 792 de
2073 752 2191 792 uon
2238 736 2536 814 carpendo
2580 739 2771 797 uomi-

548 826 774 898 natim,
826 825 1068 886 materia
1097 828 1455 899 mutabatur,
1502 829 1587 887 ita
1613 829 1790 889 etiam
1832 830 2143 891 cantilenis
2189 833 2483 895 abstinere
2528 836 2767 914 penitus

568 921 996 985 decreverunt:
1063 921 1342 1003 quodque
1390 925 1715 1004 sapientes,
1770 944 1906 987 cum
1960 930 2206 1007 tempori
2263 930 2596 991 cedendum
2654 945 2772 1006 est,

565 1020 796 1083 efficere
826 1018 1040 1090 solent,
1069 1039 1200 1099 quae
1226 1030 1359 1083 erat
1386 1023 1737 1097 necessitas,
1767 1024 1826 1083 in
1861 1024 2133 1085 virtutem
2159 1028 2477 1107 'egregiam
2504 1042 2770 1091 transtu-

566 1117 705 1177 lere.
791 1117 946 1176 Nam
975 1126 1142 1177 actus
1172 1118 1417 1179 Fabulae
1440 1120 1526 1180 sic
1556 1123 1815 1201 agebant
1837 1122 2173 1201 colligatos,
2200 1135 2267 1183 ut
2296 1144 2398 1203 per
2436 1126 2768 1198 intervalla,

566 1234 702 1293 quse
730 1214 975 1293 quidem
996 1226 1165 1276 erant
1211 1216 1473 1290 minima,
1524 1220 1735 1281 saltem
1765 1239 1919 1281 unus
1948 1220 2150 1281 histrio
2180 1221 2621 1301 relinqueretur,
2657 1235 2771 1283 -aut

565 1311 930 1390 frequentius
977 1314 1312 1394 complures
1366 1315 1612 1379 alternis
1682 1319 1835 1378 inter
1891 1339 1954 1380 se
2010 1318 2317 1379 versiculis
2385 1320 2767 1383 disserentes.

569 1408 842 1489 Deinque
867 1410 1012 1471 nibil
1041 1414 1259 1472 vetusti
1289 1413 1448 1477 chori
1470 1415 1770 1497 proprium
1798 1416 2236 1476 observabant:
2265 1416 2766 1496 quemadmodum

567 1506 628 1564 in
653 1506 1064 1588 Aristophanis
1096 1509 1272 1571 Pluto
1298 1512 1526 1573 Fabula
1554 1523 1679 1574 tute
1701 1513 2053 1594 jampridem
2082 1513 2302 1575 vidisti.
2380 1514 2450 1574 Id
2480 1513 2765 1587 Horatius

563 1603 661 1667 ita,
674 1604 893 1665 cecinit
916 1626 931 1665 τ

1126 1758 1249 1819 Lex
1282 1768 1378 1820 est
1405 1768 1688 1838 accepta:
1730 1758 2062 1838 chorusque

888 1852 1159 1936 Turpiter
1188 1854 1454 1929 obticuit,
1484 1856 1719 1915 sublato
1737 1853 1869 1936 jure
1899 1852 2173 1916 nocendi.

568 1998 756 2058 Miror
805 2009 1024 2073 autem,
1071 2003 1242 2080 quasi
1286 2013 1612 2064 monstrum
1658 2001 2059 2081 conspicatus,
2098 2000 2284 2075 illum,
2330 2000 2501 2080 cujus
2545 1998 2769 2081 scripta

569 2097 681 2154 sub
708 2095 960 2158 Acronis
1004 2099 1243 2159 nomine
1277 2101 1784 2173 circumferuntur,
1828 2100 1921 2159 vel
1953 2101 2003 2160 si
2030 2108 2124 2159 est
2155 2098 2283 2179 ipse
2312 2098 2495 2170 AcrO,
2541 2097 2764 2158 dixisse

566 2191 629 2250 id
678 2192 811 2271 lege
859 2202 1100 2255 cautum
1130 2196 1241 2254 sub
1266 2196 1566 2275 Augusto.
1649 2197 1895 2257 Poterat
1942 2195 2351 2258 mediusfidius
2390 2196 2766 2277 perspexisse

565 2288 772 2364 (modo
800 2290 1077 2350 Plautum
1131 2304 1236 2352 aut
1261 2292 1599 2353 Terentium
1625 2291 1861 2372 legerit)
1916 2311 1994 2353 an
2043 2302 2182 2354 aute
2230 2293 2565 2372 Augustum
2613 2302 2767 2352 actae

568 2385 813 2447 Fabulae
841 2407 1178 2469 quenquam
1209 2390 1686 2452 momordissent.
1750 2391 1802 2450 O
1833 2409 2016 2471 quam
2047 2391 2284 2471 egregie
2314 2400 2549 2451 vetusta
2575 2389 2769 2464 novis,

567 2484 890 2566 Latinaque
914 2486 1144 2548 Graecis
1173 2508 1290 2548 non
1322 2488 1419 2551 hic
1448 2489 1648 2563 mod0‚
1678 2510 1877 2550 verum
1908 2499 1970 2553 et
1998 2489 2098 2550 alii
2124 2489 2362 2551 fortuna
2388 2486 2605 2549 similes
2621 2506 2768 2547 con·

566 2581 865 2645 fuderunt.
948 2584 1181 2664 Quippe
1229 2585 1341 2646 hoc
1387 2586 1637 2649 Athenis
1688 2586 2016 2649 decretum·
2039 2585 2270 2664 patricii
2320 2583 2768 2664 promulgavere

566 2680 664 2740 vix
705 2699 865 2742 anno
910 2680 1089 2742 Urbis
1120 2682 1328 2743 Romae
1376 2681 1835 2762 quadragesimo
1863 2682 2118 2764 septimo
2159 2701 2341 2761 supra
2385 2691 2474 2740 ter
2505 2689 2767 2752 centum,

564 2777 842 2841 videlicet
861 2799 998 2841 cum
1025 2780 1241 2842 tribuni
1264 2780 1554 2842 militares
1585 2782 1824 2862 imperio
1852 2780 2148 2849 consulari
2176 2787 2548 2855 crearentur.=

594 2903 600 2906 ⁴
630 2876 1014 2938 ‘Comoediam
1042 2879 1242 2957 itaque
1270 2888 1504 2958 tempus
1534 2889 1596 2938 et
1620 2876 1887 2952 materia,
1916 2880 2072 2939 sicut
2097 2875 2377 2951 diximus,
2424 2874 2480 2933 in
2522 2874 2636 2935 tria
2664 2895 2767 2955 ge-

566 2992 711 3033 nera
737 2972 1029 3046 dividunt,
1052 2975 1363 3054 antiquum
1402 2973 1651 3046 scilicet,
1690 2983 1751 3034 et
1797 2993 2038 3047 novum,
2091 2983 2155 3034 et
2199 2971 2476 3033 medium.
2560 2972 2767 3053 Stylus

565 3071 990 3142 veromameri,
1002 3080 1065 3130 et
1079 3078 1397 3150 apparatus
1415 3068 1640 3149 duplici
1660 3079 1890 3130 tantum
1913 3071 2173 3130 sectione
2194 3069 2556 3150 partiuntur:
2580 3067 2771 3128 diver-

568 3183 640 3224 sa
675 3175 874 3227 tamen
917 3168 1179 3228 ratione:
1221 3166 1502 3247 quoniam
1528 3167 1722 3247 stylus
1748 3177 1810 3229 et
1835 3168 2062 3229 numeri
2091 3164 2414 3229 vetustiora
2437 3163 2561 3225 duo
2591 3165 2767 3229 simul

543 3274 953 3342 componunt,
980 3283 1116 3343 quae
1142 3264 1221 3324 ad
1255 3263 1656 3327 Alexandrum
1683 3283 1874 3345 usque
1902 3283 2219 3345 pervenere
2248 3280 2263 3323 t
2307 3262 2416 3323 sed
2445 3272 2767 3342 apparatus

545 3359 826 3420 »medium
855 3360 999 3421 illud
1028 3362 1295 3423 annectit
1316 3362 1654 3423 recentiori.
1735 3362 1887 3422 Nam
1918 3361 1977 3423 in
1998 3371 2249 3440 utroque
2274 3360 2351 3437 (si
2371 3361 2768 3440 grammaticis

536 3440 929 3517 ”credendum
957 3459 1074 3532 est)
1094 3457 1260 3517 nulla
1287 3457 1450 3519 chori
1476 3458 1922 3521 modulamenta
1948 3457 2333 3538 reperiuntur.

653 3553 790 3613 Non
819 3563 1015 3614 autem
1040 3573 1176 3614 esse
1200 3553 1449 3615 arbitror
1475 3553 1730 3615 alienum
1772 3555 1834 3614 in
1861 3554 2176 3635 praesentia
2205 3551 2481 3633 quoedam
2508 3552 2770 3631 particu-

568 3650 764 3712 lariter
790 3649 1184 3725 considerare,
1213 3671 1350 3732 quoe
1376 3652 1642 3732 profecto
1669 3652 1855 3714 multa
1880 3671 1999 3712 non
2029 3661 2204 3713 erunt
2220 3670 2246 3710 :⁴
2280 3650 2560 3729 quoniam
2590 3648 2763 3713 facile

569 3746 803 3808 videtur
848 3767 923 3809 ex
962 3748 1257 3809 haetenus
1306 3748 1482 3812 dictis
1521 3750 1643 3811 fere
1665 3769 1879 3812 ornnes
1908 3761 2035 3809 tum
2062 3748 2329 3819 Graecas,
2367 3757 2493 3809 tum
2524 3747 2766 3809 Latinas

570 3844 757 3904 metiri
785 3844 1141 3920 Comoedias,
1189 3846 1242 3906 si
1290 3856 1621 3927 temporum
1672 3848 1993 3927 praesertim
2033 3845 2217 3906 ullam
2263 3844 2481 3905 habere
2512 3843 2767 3907 volueris

570 3939 895 4002 rationem:
937 3941 1180 4021 quando
1217 3943 1447 4005 scilicet
1493 3943 1554 4002 in
1605 3962 1786 4005 scena
1827 3942 2090 4005 floruerit
2127 3942 2535 4020 unusquisque
2567 3940 2766 4000 Fabu-

569 4034 758 4095 larum
786 4038 984 4115 poeta.
1068 4038 1326 4101 Primam
1351 4039 1526 4119 igitur
1555 4038 1765 4100 Romae
1795 4039 2080 4101 Fabulam
2119 4038 2261 4101 dare
2302 4038 2519 4098 Lucius
2566 4038 2767 4098 Livius

571 4130 804 4210 occepit
845 4131 1074 4193 decimo
1122 4153 1301 4214 supra
1342 4135 1879 4215 quingentesimum
1911 4136 2086 4197 Urbis
2132 4153 2325 4195 anno:
2367 4136 2469 4214 qui
2502 4133 2765 4219 quidem,

570 4227 771 4292 Gellio
799 4237 974 4303 teste,
1023 4229 1546 4313 quinquagesimus
1581 4232 1887 4297 secundus
1919 4234 1994 4297 ab
2021 4233 2185 4294 obitu
2214 4230 2531 4293 Menandri
2560 4248 2765 4292 nume-
