3050 4942
513 405 599 470 20
646 394 654 399 ’
1398 420 1813 468 ruffinum.

519 564 889 634 Comoediis
929 569 1318 647 argumenta
1363 562 1873 646 praemittuntur,
1919 560 2142 626 soluto
2194 580 2496 627 sermone
2544 581 2707 627 con·

529 670 732 747 secta,
762 668 848 731 ab
877 665 1077 731 editis
1107 665 1394 730 diversa.
1481 662 1807 728 Codicem
1855 661 2135 728 inchoat
2180 661 2335 729 Vita
2382 663 2710 743 Terentii,

517 791 720 856 quam
743 790 833 834 ex
859 768 1095 834 codice
1128 767 1495 833 Oxoniensi
1530 767 1616 830 ab
1647 763 1896 830 Abrah.
1926 765 2272 831 Gronovio
2302 767 2708 854 descriptam

511 873 598 937 A.
619 873 714 936 Η.
737 871 1237 937 Westerhovius
1268 870 1551 935 editioni
1580 869 1803 953 Hagae
1830 868 2073 934 Comit.
2103 869 2294 934 1726.
2321 874 2705 953 procuratae

508 975 779 1040 inseruit
822 993 978 1058 pag.
1012 987 1280 1036 xxxn.
1324 988 1394 1037 et
1438 986 1740 1036 xxxm.
1826 970 2037 1036 Vitiis
2085 973 2522 1056 apographon
2571 971 2702 1035 hoc
2757 1044 2768 1051 ,

509 1076 921 1158 inquinatum
953 1094 1106 1138 esse
1136 1093 1354 1157 neque
1380 1072 1911 1152 Westerhovius,
1951 1093 2190 1157 neque,
2238 1074 2355 1158 qui
2399 1074 2703 1140 Wester-

505 1177 860 1243 hovianam
882 1177 1244 1241 editionem
1271 1176 1531 1260 Lipsiae
1554 1177 1840 1259 repetiit,
1884 1177 2184 1241 Zeunius
2214 1196 2275 1241 a.
2306 1175 2499 1242 1774.
2530 1176 2702 1240 odo-

504 1288 690 1346 ratus
718 1286 845 1344 est.
893 1279 1159 1343 Plenior
1180 1286 1251 1343 et
1277 1278 1650 1343 accuratior
1676 1278 1875 1363 hujus
1898 1279 2085 1345 Vitae
2117 1280 2321 1346 editio
2350 1299 2437 1344 ex
2466 1282 2702 1343 nostro

506 1383 741 1448 codice
771 1400 942 1447 nunc
970 1381 1256 1463 prodiit;
1301 1389 1510 1464 atque
1536 1381 1644 1445 vel
1687 1383 1893 1465 plane
1921 1403 2051 1446 non
2067 1384 2184 1448 vel
2213 1387 2524 1447 accurate
2552 1401 2701 1445 eam

506 1484 826 1551 edendam
861 1484 1091 1561 fuisse,
1120 1483 1494 1549 concedent
1548 1503 1804 1562 omneS,
1838 1485 1955 1567 qui
2006 1485 2426 1568 antiquarum
2474 1483 2701 1547 litera-

505 1606 651 1651 rum
685 1606 814 1651 non
844 1586 1046 1670 plane
1077 1586 1283 1650 rudes
1312 1591 1488 1650 sunt.
1565 1583 1740 1663 Quis
1768 1585 1966 1670 hujus
1993 1584 2181 1651 Vitae
2209 1591 2442 1652 auctor
2470 1583 2699 1664 suerit,

500 1708 635 1753 non
663 1689 897 1772 liquet.
983 1688 1080 1766 Si,
1130 1690 1250 1771 qui
1274 1694 1728 1770 argumentum
1757 1687 2055 1767 Andriae,
2087 1687 2271 1771 quod
2310 1689 2382 1752 in
2409 1687 2701 1752 editione

500 1799 736 1856 nostra
766 1811 919 1855 cum
945 1788 1119 1854 Vita
1144 1790 1442 1854 Terentii
1473 1790 1910 1869 connectitur,
1959 1791 2254 1875 scripsit,
2307 1790 2511 1855 etiam
2542 1807 2700 1853 auc·

501 1899 608 1961 tor
640 1893 827 1958 Vitae
870 1893 1192 1971 Terentii,
1221 1913 1376 1977 quae
1408 1893 1754 1977 praecedit,
1782 1893 2126 1957 habendus
2174 1900 2295 1968 est,
2328 1891 2509 1975 quod
2546 1909 2702 1973 per-

504 2014 707 2080 quam
736 1995 1099 2059 verisimile
1128 2001 1257 2073 est,
1292 1994 1743 2077 ,Eugraphius,
1791 1994 1909 2076 qui
1936 1995 2110 2060 vixit
2136 1994 2396 2059 saeculo
2430 1991 2697 2057 decimo

505 2097 605 2184 (v.
637 2102 871 2162 testem
924 2096 993 2160 in
1039 2096 1196 2161 edit.
1247 2095 1458 2161 Zeun.
1506 2115 1578 2178 p.
1612 2091 1813 2179 XX.),
1857 2095 2095 2161 Vitam
2142 2096 2428 2180 scripsit.
2518 2095 2702 2160 Nam

502 2205 855 2283 postrema
883 2196 1081 2280 hujus
1112 2196 1486 2279 argumenti
1516 2197 1758 2262 verba:
1803 2203 1821 2230 ⁸
1849 2195 2080 2262 Verba
2120 2204 2273 2262 sunt
2317 2196 2700 2282 Caliopii—

503 2298 852 2383 plaudite,’
895 2299 1199 2364 Facimus
1253 2306 1478 2383 aperte
1508 2299 1743 2364 tribuit
1771 2299 2155 2384 Eugraphio
2184 2301 2255 2364 in
2283 2307 2444 2365 nota
2476 2301 2561 2364 ad
2592 2303 2699 2366 ul·

501 2404 737 2467 timum
767 2421 1032 2466 versum
1063 2400 1368 2480 Andriae,
1398 2421 1597 2484 quam
1635 2401 1785 2484 lege
1820 2403 1892 2466 in
1921 2402 2081 2469 edit.
2114 2401 2525 2467 Bentleiana
2559 2403 2702 2468 Te-

500 2507 698 2569 rentii
732 2506 927 2589 LipS.
957 2505 1151 2570 1791.
1180 2524 1423 2570 recusa
1450 2524 1518 2587 p.
1549 2504 1657 2569 95.
1705 2506 1886 2570 Ante
1901 2505 2350 2584 Petrarcham,
2380 2508 2495 2588 qui
2522 2507 2701 2571 vixit

502 2626 661 2672 saec.
681 2623 847 2672 xlv,
868 2616 1215 2676 exaratam
1239 2627 1415 2687 esse,
1440 2613 1630 2691 patet
1648 2626 1737 2671 ex
1757 2608 1978 2672 Dictis
2001 2607 2152 2691 ejus
2176 2607 2355 2690 apud
2366 2607 2700 2672 Westerh.

500 2728 652 2793 pag.
687 2725 975 2774 xxxiv.
1005 2731 1156 2795 sqq.
1187 2709 1568 2794 complures
1611 2708 1927 2786 auctoris,
1973 2728 2169 2791 quem
2215 2708 2301 2771 ad
2343 2708 2706 2774 modernos

502 2811 773 2895 ablegat
810 2818 881 2876 et
909 2812 1359 2878 scholasticos
1389 2830 1602 2875 rerum
1646 2811 1938 2893 ignaroS,
1983 2824 2240 2874 errores
2286 2809 2697 2891 castigantis.

504 2913 965 2978 Scholasticus
1010 2925 1169 2978 vero
1217 2914 1493 2977 denotat
1535 2912 1754 2977 virum
1802 2911 2140 2994 diguitatis
2188 2911 2699 2991 ecclesiasticae,

503 3015 621 3098 qui
654 3014 906 3079 scholis
937 3015 1420 3080 ecclesiasticis
1447 3020 1758 3096 praeerat,
1778 3012 1876 3098 (v.
1909 3013 2175 3078 Fabric.
2203 3013 2524 3080 Biblioth.
2547 3013 2697 3079 Lat.

506 3133 555 3179 ι.
584 3116 693 3180 33.
725 3133 805 3180 11.
831 3118 973 3197 36.)
1018 3137 1153 3201 quo
1183 3136 1383 3181 sensu
1414 3108 1788 3201 CaliopiuS,
1836 3116 2032 3199 cujus
2073 3116 2548 3193 recensionem,
2593 3123 2701 3180 ut-

378 3292 391 3299 ,
500 3224 665 3300 pote
696 3219 989 3283 omnium
1019 3219 1347 3302 optimam
1372 3218 1697 3298 habitam,
1720 3219 1944 3284 scriba
1972 3238 2163 3283 suam
2189 3218 2376 3296 fecit,
2404 3219 2702 3283 scholas-

502 3320 680 3385 ticus
723 3328 1000 3386 vocatur
1038 3322 1110 3386 in
1157 3321 1287 3385 fine
1340 3322 1620 3387 codicis·
1709 3322 2012 3388 Ceterum
2059 3322 2265 3386 Dicta
2322 3319 2702 3386 Pet'rarchae

504 3421 652 3485 sive
682 3422 764 3486 P.
795 3423 1096 3489 Terentii
1124 3422 1298 3489 Vita
1324 3422 1408 3488 de
1452 3424 1677 3489 Dictis
1726 3425 1830 3490 D.
1845 3424 1926 3488 F.
1957 3421 2339 3488 Petrarchae
2392 3422 2701 3488 desumta

499 3541 589 3586 ex
619 3524 911 3589 editione
943 3524 1436 3591 Mediolanensi
1464 3525 1659 3591 1476.
1704 3545 1837 3610 quo
1877 3525 2143 3589 nomine
2169 3523 2353 3608 apud
2396 3524 2698 3589 Wester-

500 3623 776 3690 hovium
804 3626 849 3689 l.
882 3646 942 3690 c.
970 3626 1229 3709 legitur,
1260 3631 1448 3690 extat
1474 3627 1674 3695 etiam
1695 3628 1764 3692 in
1782 3626 2015 3695 codice
2039 3626 2495 3709 manuscripto
2528 3626 2699 3691 Vin-

505 3726 898 3807 dobonensi,
931 3747 1127 3813 quem
1162 3748 1251 3792 ex
1282 3727 1649 3792 Lambecio
1679 3728 1872 3792 affert
1901 3726 2169 3791 Fabric.
2191 3727 2234 3789 l.
2264 3746 2323 3790 c.
2356 3744 2408 3790 1.
2430 3726 2539 3792 31.
2568 3727 2698 3792 ibi*-

502 3847 632 3911 que
660 3829 934 3895 laudata
977 3835 1364 3914 argumenta
1404 3829 1656 3896 inedita
1698 3831 1992 3895 omnium
2035 3828 2519 3894 comoediarum
2561 3827 2698 3892 for-

500 3932 683 3997 tasse
705 3929 945 3993 eadem
975 3937 1130 3996 sunt
1158 3952 1308 4017 quae
1336 3950 1511 3995 nunc
1533 3950 1622 3994 ex
1652 3931 1883 3995 codice
1912 3929 2199 3994 Halensi
2228 3930 2651 4014 protulimus.
2678 3996 2690 4015 -.

587 4028 957 4096 Comoediae
997 4052 1128 4096 non
1168 4032 1435 4097 disertis
1485 4031 1712 4096 verbis
1757 4031 2023 4096 actibus
2071 4037 2138 4096 et
2189 4032 2410 4096 scenis
2455 4030 2697 4096 divisae

506 4137 677 4195 sunt.
769 4130 1041 4197 Initium
1072 4138 1292 4200 tamen
1317 4154 1513 4199 novae
1544 4153 1765 4200 scenae
1795 4134 2017 4218 prodit
2039 4138 2252 4218 major
2274 4134 2552 4198 initialis
2581 4151 2700 4196 vo-

505 4233 605 4298 cis
648 4233 873 4314 litera3
919 4235 1157 4301 deinde
1203 4236 1516 4321 spatium,
1573 4254 1714 4320 quo
1769 4256 1812 4301 a
1857 4233 2265 4320 praecedenti
2310 4240 2699 4320 separatur3
