3050 4942
844 386 942 437 nn
988 387 1290 439 comicis
1339 386 1959 440 υιΜεΝειοΝωυε.
2366 377 2494 444 141

297 528 542 591 modum
569 529 912 592 Priscianus
942 551 1199 613 quoque,
1226 533 1323 593 cui
1351 532 1428 593 de
1456 545 1762 614 anapoesto
1786 535 2078 595 sententia
2104 534 2325 598 excidit
2349 540 2495 600 satis

297 626 582 700 absurda,
610 647 747 688 cum
775 627 959 689 dixit:
996 630 1121 688 Erit
1150 640 1345 689 autem
1374 629 1694 710 probabilis
1723 630 2009 691 iambicus
2035 652 2263 708 versus,
2291 645 2353 695 et
2377 646 2495 697 tra-

299 724 515 804 goediis
560 734 761 804 aptus,
806 726 856 785 si
903 725 1230 787 secundum
1276 715 1653 807 et'quartum
1697 727 1909 809 pedem
1943 748 2061 789 non
2090 729 2237 791 alios
2265 732 2497 807 feceris,

296 839 480 900 quam
508 822 760 896 iambos,
777 833 882 884 aut
903 844 1060 897 eum,
1076 826 1178 904 qui
1201 825 1530 906 tribrachys
1554 835 1666 897 est,
1689 837 1794 887 aut
1815 836 2189 906 anapaestus:
2217 830 2498 907 quoniam

300 930 446 979 sunt
471 939 668 1000 pares.
738 919 874 989 Qua
899 922 1059 981 enim
1087 920 1338 981 audacia
1364 923 1550 983 fretus
1580 933 1947 1002 anapaestum
1977 924 2270 985 tribracho
2296 943 2498 1007 parem

299 1015 456 1077 dixit
476 1015 505 1075 2
560 1017 716 1077 Nam
745 1018 906 1099 quod
934 1019 1020 1079 ait
1064 1020 1303 1099 paribus
1351 1020 1595 1081 sedibus
1638 1032 2008 1100 anapaestum
2055 1019 2257 1102 recipi,
2297 1043 2498 1086 verum

295 1124 415 1173 est.
499 1114 600 1174 Sic
627 1116 784 1176 enim
830 1125 995 1176 extat
1040 1117 1100 1176 in
1145 1116 1324 1178 Pluto
1352 1116 1804 1197 Aristophanis:
1845 1117 1941 1178 ‘sse
1964 1120 2258 1195 ἀργαλέον
2283 1120 2503 1202 πρᾶγμ’

298 1212 482 1284 itt-eir,
524 1208 569 1272 ὖ
608 1211 730 1273 Ζεῦ
774 1217 864 1274 καὶ
899 1212 1060 1273 Θεοί.
1118 1212 1197 1273 Et
1221 1214 1314 1274 bis
1346 1213 1407 1272 in
1435 1214 1645 1275 eodem
1675 1234 1888 1276 versu:
1935 1213 2013 1273 Οἱ
2043 1213 2095 1274 δ’
2123 1215 2498 1292 ἐξετρέποντο,

298 1310 349 1372 ς’
376 1311 479 1368 οὐκ
506 1307 737 1371 ἐδόκουν
762 1314 823 1391 μ’
847 1313 986 1389 ὁρᾷν
1014 1313 1119 1371 ἔτι.
1203 1311 1424 1371 Verum
1466 1311 1584 1372 hoc
1626 1321 1721 1372 est
1759 1312 1846 1371 illi
1895 1311 2047 1371 adeo
2090 1313 2392 1393 frequens,
2433 1324 2503 1375 ut

299 1404 509 1466 nullus
533 1407 728 1488 pudor
754 1409 976 1468 Latinis
1006 1408 1085 1468 sit
1100 1409 1226 1489 jam
1246 1408 1502 1482 futurus,
1524 1410 1742 1490 quibus
1768 1410 1988 1489 linguae
2017 1410 2163 1469 ratio
2187 1412 2502 1490 persuasit,

297 1523 379 1563 ne
407 1502 526 1563 hoc
554 1505 838 1565 attentius
866 1517 1178 1567 curarent:
1220 1506 1545 1585 proesertim
1574 1525 1708 1566 cum
1748 1506 2066 1585 Tragoedia
2103 1525 2343 1587 quoque
2386 1509 2503 1569 hoc

295 1600 631 1671 admiserit,
675 1602 910 1680 gravius
954 1621 1099 1662 sane
1144 1621 1214 1661 ac
1260 1602 1439 1682 longe
1487 1604 1711 1663 castius
1763 1604 1996 1681 poi-ima.
2079 1604 2506 1667 observantior

299 1697 681 1778 Sophocles:
727 1698 1037 1779 Euripides
1064 1698 1260 1758 minus
1288 1699 1617 1759 obnoxius:
1661 1718 1799 1758 nam
1845 1697 2041 1757 minus
2087 1700 2350 1779 pepercit
2390 1702 2504 1775 illis

300 1794 550 1856 sedibus
575 1816 593 1856 ζ
636 1795 689 1855 Γ
688 1801 909 1856 Adit-rav
937 1794 989 1855 δ’
1018 1797 1434 1873 ἐπιορκήσασαν
1462 1794 1580 1873 ἰδίᾳ
1608 1806 1701 1866 τῆς
1727 1798 1941 1876 φρενός.
2022 1795 2100 1854 Et
2126 1795 2187 1854 in
2219 1795 2501 1858 Hecubax

298 1893 415 1953 Kez
446 1898 680 1972 σμίκρον
706 1895 918 1974 ἔχοιμι,
943 1891 1111 1952 πάντ’
1136 1893 1212 1951 ἂν
1240 1891 1553 1968 ἀρκούντως
1578 1893 1723 1971 ἔχοι.
1807 1890 2018 1970 Neque
2045 1890 2238 1951 solum
2264 1909 2505 1973 anapae-

300 2000 461 2050 stum
493 1991 736 2069 paribus
765 1988 1005 2050 sedibus
1033 1988 1238 2068 posuit
1258 1988 1396 2059 illis,
1425 1988 1534 2048 sed
1564 1988 1741 2048 etiam
1761 1987 1820 2047 in
1847 1987 2077 2062 ultima,
2094 1998 2164 2048 ut
2181 1987 2241 2046 in
2261 1987 2504 2050 Oreste:

302 2087 660 2167 Αὔτονργός,
702 2087 863 2164 οἷπερ
912 2089 1003 2146 καὶ
1046 2088 1207 2163 μόνοι
1258 2088 1503 2151 adrem:
1549 2088 1742 2146 πόλιν.
1825 2084 2016 2153 Quem
2068 2085 2119 2144 si
2165 2084 2504 2167 tribrachyn

299 2203 507 2259 voces,
537 2184 829 2265 syllabam
855 2203 1017 2244 nunc
1044 2182 1348 2263 respicias,
1377 2203 1494 2243 non
1525 2183 1721 2263 legem
1741 2182 1923 2253 illam,
1943 2201 2065 2261 qua
2089 2180 2298 2242 ultima
2325 2181 2506 2245 babe-

298 2291 399 2341 tur
424 2279 798 2341 indifferens.
878 2280 1159 2340 Erasmus
1188 2289 1384 2340 antem
1412 2290 1572 2340 recte
1617 2277 1861 2340 sedibus
1903 2280 2222 2359 imparibus
2248 2279 2508 2356 dicebat,

299 2398 407 2458 pro
435 2378 638 2438 iambo
665 2387 968 2457 receptum
985 2378 1363 2457 spondaeum,
1381 2375 1707 2457 dactylum,
1727 2375 2086 2458 tribrachyn,
2102 2387 2501 2456 anapaestum:

300 2474 899 2556 proceleusmaticum
928 2480 1123 2534 autem
1154 2473 1372 2546 omisit,
1414 2473 1697 2553 quoniam
1735 2472 2058 2548 excidisset
2091 2473 2404 2535 memoria:
2446 2484 2510 2535 et

301 2572 616 2643 creticum,
641 2589 822 2649 quem
846 2588 992 2630 sane
1017 2581 1253 2650 putaret
1280 2588 1401 2629 non
1430 2569 1684 2630 admitti.
1768 2569 1949 2643 Nam,
1975 2570 2027 2630 si
2051 2570 2113 2630 in
2142 2590 2274 2631 eam
2301 2570 2506 2632 sedem

301 2689 484 2750 posse
509 2667 698 2748 recipi
724 2674 1041 2747 sperasset,
1063 2683 1183 2726 non
1206 2665 1394 2726 multa
1413 2665 1678 2728 carmina
1698 2666 2103 2726 subvertisset.
2161 2665 2508 2727 Proceleus-

303 2766 564 2827 maticus
591 2775 790 2825 autem
833 2762 1098 2844 proxime
1136 2762 1215 2823 ad
1244 2772 1514 2823 naturam
1542 2760 1764 2842 dactyli
1796 2761 2050 2834 accedit,
2079 2762 2359 2823 differens
2384 2764 2509 2844 syl-

302 2864 576 2924 labarum
603 2880 869 2934 numero,
907 2869 1238 2940 temporum
1276 2858 1563 2919 tractibus
1610 2877 1738 2938 par.
1768 2881 1775 2888 ·
1817 2858 2029 2919 Tribus
2070 2868 2270 2920 autem
2312 2860 2508 2920 modis

304 2959 600 3039 excipitur
623 2978 732 3037 pes
759 2957 879 3019 ille.
961 2959 1085 3019 Aut
1109 2959 1263 3018 enim
1291 2957 1487 3018 mollis
1516 2966 1631 3029 est,
1659 2964 1837 3035 atque
1867 2955 2242 3016 adminiculis
2262 2957 2507 3036 quibus-

303 3056 446 3116 dam
476 3054 727 3116 similior
750 3055 946 3116 factus
972 3055 1215 3136 dactylo
1231 3076 1251 3115 :
1293 3064 1380 3127 ut,
1424 3062 1443 3090 ⁸
1468 3054 1683 3114 Genua
1711 3053 1916 3113 labant
1933 3052 1971 3114 :'
2012 3060 2029 3088 ‘
2052 3052 2250 3115 Ariete
2271 3055 2325 3114 τ’·
2348 3060 2366 3089 ⁴
2390 3053 2508 3115 Pa-

302 3150 600 3214 rietibus!
681 3151 934 3212 Duabus
979 3151 1136 3212 enim
1165 3153 1475 3224 vocalibus
1520 3152 1882 3225 constitutis,
1925 3151 2083 3231 prior
2125 3151 2508 3212 consonantis

304 3249 421 3310 vim
451 3247 759 3328 quandam
788 3249 1019 3309 videtur
1044 3250 1326 3310 obtinere.
1409 3251 1536 3309 Aut
1559 3260 1654 3310 est
1679 3250 1955 3330 apertior,
1995 3258 2067 3308 ut
2094 3248 2155 3307 in
2180 3267 2357 3308 ⁴versu
2387 3248 2510 3308 En-

308 3346 494 3406 niano
515 3364 536 3405 :
576 3351 595 3379 ⁶
619 3345 928 3424 Capitibus
957 3345 1223 3407 nutantis
1248 3346 1448 3426 pinus,
1489 3356 1805 3425 rectosque
1833 3344 2188 3424 cupressos!
2266 3344 2391 3403 Aut
2416 3354 2512 3405 est

308 3453 581 3515 coactus,
623 3441 875 3503 ademtis
921 3443 1384 3504 consonantibus
1412 3442 1628 3522 quibus
1657 3442 2014 3522 syllabarum
2038 3441 2297 3502 brevitas
2323 3441 2511 3520 impe-

312 3538 513 3599 ditur:
558 3538 892 3617 cujusmodi
940 3548 1034 3598 est
1082 3536 1143 3596 in
1184 3538 1451 3599 Andria:
1495 3546 1513 3575 ‘
1539 3538 1680 3598 Sine
1709 3537 1929 3597 invidia
1957 3537 2192 3597 laudem
2221 3539 2508 3607 invenias,

311 3649 372 3700 et
398 3640 630 3701 amicos
670 3637 887 3717 pares.’
970 3638 1180 3718 Itaque
1224 3636 1302 3697 ad
1347 3657 1483 3698 eum
1524 3655 1759 3698 versum
1803 3655 1936 3697 cum
1970 3634 2305 3696 devenisset
2332 3637 2511 3696 Eras-

309 3755 466 3810 mus,
516 3755 712 3814 neque
761 3752 1085 3813 agnoscere
1135 3733 1320 3794 vellet
1370 3732 1982 3812 proceleusmaticum,
2034 3749 2211 3808 quem
2267 3731 2329 3788 in
2386 3732 2508 3792 suis

312 3831 545 3911 legibus
599 3849 720 3890 non
768 3830 1197 3902 constituisset,
1250 3837 1313 3888 et
1362 3836 1602 3909 putaret
1646 3826 1984 3886 duriuscule
2030 3826 2174 3899 fleri,
2227 3825 2277 3885 si
2325 3826 2510 3888 AEoli-

312 3945 447 3988 cum
516 3926 817 4007 digamma
883 3926 1238 3996 auferretur,
1311 3934 1380 3984 ut
1443 3925 1631 3985 exiret
1695 3921 2256 4004 proceleusmaticus
2285 3943 2301 3992 ς
2375 3943 2510 3984 sus-

312 4024 451 4084 tulit
515 4033 736 4095 tamen,
818 4033 885 4083 ut
952 4022 1311 4101 exciperetur
1379 4021 1713 4102 tribrachys
1785 4021 1845 4079 in
1915 4018 2153 4081 duabus
2218 4021 2507 4103 prioribus

315 4121 557 4197 syllabis
634 4120 811 4201 hujus
881 4119 1155 4192 nominis,
1222 4126 1239 4154 ⁴
1282 4117 1523 4191 invidia,
1547 4117 1563 4146 '
1631 4129 1692 4179 et
1758 4135 1832 4178 ex
1898 4116 2131 4178 duabus
2192 4118 2508 4199 postremis

315 4218 618 4279 vocalibus
646 4236 769 4278 una
797 4216 1029 4298 syllaba
1056 4227 1337 4280 concreta
1362 4226 1544 4278 esset.
1578 4263 1582 4268 .
1628 4217 1869 4288 Verum,
1895 4214 2050 4275 utin
2079 4225 2311 4290 natura,
2338 4215 2421 4276 ita
2446 4214 2507 4273 in
