<?xml version="1.0" encoding="UTF-8"?>
<!DOCTYPE html PUBLIC "-//W3C//DTD XHTML 1.0 Transitional//EN"
    "http://www.w3.org/TR/xhtml1/DTD/xhtml1-transitional.dtd">
<html xmlns="http://www.w3.org/1999/xhtml" xml:lang="en" lang="en">
 <head>
  <title>
</title>
<meta http-equiv="Content-Type" content="text/html;charset=utf-8" />
  <meta name='ocr-system' content='tesseract 3.04.00' />
  <meta name='ocr-capabilities' content='ocr_page ocr_carea ocr_par ocr_line ocrx_word'/>
</head>
<body>
  <div class='ocr_page' id='page_1' title='image "./comoedisex00unkngoog_0244.png"; bbox 0 0 3050 4942; ppageno 0'>
   <div class='ocr_carea' id='block_1_1' title="bbox 536 383 2425 460">
    <p class='ocr_par' dir='ltr' id='par_1_1' title="bbox 536 383 2425 460">
     <span class='ocr_line' id='line_1_1' title="bbox 536 383 2425 460; baseline 0.002 -6"><span class='ocrx_word' id='word_1_1' title='bbox 536 383 668 454; x_wconf 80' lang='lat'><strong>234</strong></span> <span class='ocrx_word' id='word_1_2' title='bbox 859 404 1326 456; x_wconf 75' lang='lat' dir='ltr'><strong>FRANoiscus</strong></span> <span class='ocrx_word' id='word_1_3' title='bbox 1375 406 1586 456; x_wconf 78' lang='lat' dir='ltr'>HARE</span> <span class='ocrx_word' id='word_1_4' title='bbox 1634 408 1732 456; x_wconf 73' lang='lat' dir='ltr'><strong>ns</strong></span> <span class='ocrx_word' id='word_1_5' title='bbox 1782 402 2059 456; x_wconf 69' lang='lat' dir='ltr'><strong>Murrus</strong></span> <span class='ocrx_word' id='word_1_6' title='bbox 2106 409 2425 460; x_wconf 69' lang='lat' dir='ltr'><strong>comicis.</strong></span> 
     </span>
    </p>
   </div>
   <div class='ocr_carea' id='block_1_2' title="bbox 577 550 2659 727">
    <p class='ocr_par' dir='ltr' id='par_1_2' title="bbox 577 550 2659 727">
     <span class='ocr_line' id='line_1_2' title="bbox 857 550 897 605; baseline 0 0"><span class='ocrx_word' id='word_1_7' title='bbox 857 550 897 605; x_wconf 90' lang='lat'>4</span> 
     </span>
     <span class='ocr_line' id='line_1_3' title="bbox 577 554 2659 727; baseline 0.003 -26"><span class='ocrx_word' id='word_1_8' title='bbox 577 641 758 702; x_wconf 89' lang='lat' dir='ltr'><strong>Tibiis</strong></span> <span class='ocrx_word' id='word_1_9' title='bbox 788 643 1078 703; x_wconf 81' lang='lat' dir='ltr'><strong>Sarranis.</strong></span> <span class='ocrx_word' id='word_1_10' title='bbox 1323 645 1500 707; x_wconf 88' lang='lat' dir='ltr'><strong>Tibiis</strong></span> <span class='ocrx_word' id='word_1_11' title='bbox 1532 555 1792 727; x_wconf 51' lang='lat' dir='ltr'><strong>piribus.</strong></span> <span class='ocrx_word' id='word_1_12' title='bbox 2109 648 2289 708; x_wconf 91' lang='lat' dir='ltr'><strong>Tibiis</strong></span> <span class='ocrx_word' id='word_1_13' title='bbox 2316 554 2659 727; x_wconf 55' lang='lat' dir='ltr'><strong>iiiparibuS.</strong></span> 
     </span>
    </p>
   </div>
   <div class='ocr_carea' id='block_1_3' title="bbox 534 787 2726 968">
    <p class='ocr_par' dir='ltr' id='par_1_3' title="bbox 534 787 2726 968">
     <span class='ocr_line' id='line_1_4' title="bbox 618 787 2726 871; baseline 0.001 -24"><span class='ocrx_word' id='word_1_14' title='bbox 618 788 737 848; x_wconf 85' lang='lat' dir='ltr'><strong>Sed</strong></span> <span class='ocrx_word' id='word_1_15' title='bbox 778 790 1051 869; x_wconf 79' lang='lat' dir='ltr'><strong>quaedam</strong></span> <span class='ocrx_word' id='word_1_16' title='bbox 1096 810 1168 850; x_wconf 85' lang='lat' dir='ltr'><strong>ex</strong></span> <span class='ocrx_word' id='word_1_17' title='bbox 1207 791 1301 850; x_wconf 90' lang='lat' dir='ltr'><strong>his</strong></span> <span class='ocrx_word' id='word_1_18' title='bbox 1331 811 1450 851; x_wconf 90' lang='lat' dir='ltr'><strong>non</strong></span> <span class='ocrx_word' id='word_1_19' title='bbox 1480 790 1625 851; x_wconf 88' lang='lat' dir='ltr'><strong>satis</strong></span> <span class='ocrx_word' id='word_1_20' title='bbox 1657 792 1885 851; x_wconf 87' lang='lat' dir='ltr'><strong>sincera</strong></span> <span class='ocrx_word' id='word_1_21' title='bbox 1915 810 2047 852; x_wconf 88' lang='lat' dir='ltr'><strong>esse</strong></span> <span class='ocrx_word' id='word_1_22' title='bbox 2076 791 2263 871; x_wconf 87' lang='lat' dir='ltr'><strong>liquet</strong></span> <span class='ocrx_word' id='word_1_23' title='bbox 2290 811 2425 851; x_wconf 89' lang='lat' dir='ltr'><strong>cum</strong></span> <span class='ocrx_word' id='word_1_24' title='bbox 2452 811 2527 851; x_wconf 83' lang='lat' dir='ltr'><strong>ex</strong></span> <span class='ocrx_word' id='word_1_25' title='bbox 2553 787 2726 854; x_wconf 85' lang='lat' dir='ltr'><strong>codi-</strong></span> 
     </span>
     <span class='ocr_line' id='line_1_5' title="bbox 534 885 1964 968; baseline 0.001 -23"><span class='ocrx_word' id='word_1_26' title='bbox 534 904 668 945; x_wconf 89' lang='lat' dir='ltr'><strong>cum</strong></span> <span class='ocrx_word' id='word_1_27' title='bbox 696 885 999 959; x_wconf 83' lang='lat' dir='ltr'><strong>varietate,</strong></span> <span class='ocrx_word' id='word_1_28' title='bbox 1027 895 1153 947; x_wconf 90' lang='lat' dir='ltr'><strong>tum</strong></span> <span class='ocrx_word' id='word_1_29' title='bbox 1182 907 1255 946; x_wconf 87' lang='lat' dir='ltr'><strong>ex</strong></span> <span class='ocrx_word' id='word_1_30' title='bbox 1286 887 1547 962; x_wconf 88' lang='lat' dir='ltr'><strong>Donat0‚</strong></span> <span class='ocrx_word' id='word_1_31' title='bbox 1566 887 1740 968; x_wconf 84' lang='lat' dir='ltr'><strong>juxta</strong></span> <span class='ocrx_word' id='word_1_32' title='bbox 1766 908 1964 966; x_wconf 88' lang='lat' dir='ltr'><strong>quern,</strong></span> 
     </span>
    </p>
   </div>
   <div class='ocr_carea' id='block_1_4' title="bbox 589 1014 2699 1172">
    <p class='ocr_par' dir='ltr' id='par_1_4' title="bbox 589 1014 2699 1172">
     <span class='ocr_line' id='line_1_6' title="bbox 703 1014 2550 1085; baseline 0.001 -13"><span class='ocrx_word' id='word_1_33' title='bbox 703 1014 982 1074; x_wconf 87' lang='lat' dir='ltr'><strong>Secunda</strong></span> <span class='ocrx_word' id='word_1_34' title='bbox 1011 1024 1146 1074; x_wconf 90' lang='lat' dir='ltr'><strong>acta</strong></span> <span class='ocrx_word' id='word_1_35' title='bbox 1173 1025 1266 1074; x_wconf 92' lang='lat' dir='ltr'><strong>est</strong></span> <span class='ocrx_word' id='word_1_36' title='bbox 1704 1017 1932 1085; x_wconf 88' lang='lat' dir='ltr'><strong>Quarta</strong></span> <span class='ocrx_word' id='word_1_37' title='bbox 2371 1016 2550 1075; x_wconf 87' lang='lat' dir='ltr'><strong>Sexta</strong></span> 
     </span>
     <span class='ocr_line' id='line_1_7' title="bbox 589 1110 2699 1172; baseline -0.001 -1"><span class='ocrx_word' id='word_1_38' title='bbox 589 1110 746 1171; x_wconf 88' lang='lat' dir='ltr'><strong>tibiis</strong></span> <span class='ocrx_word' id='word_1_39' title='bbox 775 1110 982 1171; x_wconf 84' lang='lat' dir='ltr'><strong>dextra</strong></span> <span class='ocrx_word' id='word_1_40' title='bbox 1007 1121 1069 1170; x_wconf 88' lang='lat' dir='ltr'><strong>et</strong></span> <span class='ocrx_word' id='word_1_41' title='bbox 1095 1110 1351 1172; x_wconf 88' lang='lat' dir='ltr'><strong>sinistra.</strong></span> <span class='ocrx_word' id='word_1_42' title='bbox 1610 1112 1769 1172; x_wconf 88' lang='lat' dir='ltr'><strong>tibiis</strong></span> <span class='ocrx_word' id='word_1_43' title='bbox 1802 1110 2041 1171; x_wconf 81' lang='lat' dir='ltr'><strong>dextris,</strong></span> <span class='ocrx_word' id='word_1_44' title='bbox 2220 1110 2378 1171; x_wconf 88' lang='lat' dir='ltr'><strong>tibiis</strong></span> <span class='ocrx_word' id='word_1_45' title='bbox 2407 1111 2699 1170; x_wconf 81' lang='lat' dir='ltr'><strong>Sarranis,</strong></span> 
     </span>
    </p>
   </div>
   <div class='ocr_carea' id='block_1_5' title="bbox 520 1238 2726 2000">
    <p class='ocr_par' dir='ltr' id='par_1_5' title="bbox 520 1238 2726 2000">
     <span class='ocr_line' id='line_1_8' title="bbox 612 1238 2724 1319; baseline 0.001 -24"><span class='ocrx_word' id='word_1_46' title='bbox 612 1238 695 1298; x_wconf 89' lang='lat' dir='ltr'><strong>Ut</strong></span> <span class='ocrx_word' id='word_1_47' title='bbox 718 1240 848 1299; x_wconf 82' lang='lat' dir='ltr'><strong>haec</strong></span> <span class='ocrx_word' id='word_1_48' title='bbox 877 1250 1070 1298; x_wconf 89' lang='lat' dir='ltr'><strong>autem</strong></span> <span class='ocrx_word' id='word_1_49' title='bbox 1100 1240 1520 1319; x_wconf 78' lang='lat' dir='ltr'><strong>intelligamuS,</strong></span> <span class='ocrx_word' id='word_1_50' title='bbox 1550 1239 1978 1301; x_wconf 80' lang='lat' dir='ltr'><strong>observandum</strong></span> <span class='ocrx_word' id='word_1_51' title='bbox 2020 1246 2112 1297; x_wconf 89' lang='lat' dir='ltr'><strong>est</strong></span> <span class='ocrx_word' id='word_1_52' title='bbox 2139 1239 2418 1297; x_wconf 88' lang='lat' dir='ltr'><strong>Veterum</strong></span> <span class='ocrx_word' id='word_1_53' title='bbox 2446 1238 2724 1298; x_wconf 85' lang='lat' dir='ltr'><strong>tibicines</strong></span> 
     </span>
     <span class='ocr_line' id='line_1_9' title="bbox 529 1334 2725 1418; baseline 0 -23"><span class='ocrx_word' id='word_1_54' title='bbox 529 1336 678 1397; x_wconf 90' lang='lat' dir='ltr'><strong>duas</strong></span> <span class='ocrx_word' id='word_1_55' title='bbox 708 1336 879 1396; x_wconf 91' lang='lat' dir='ltr'><strong>simul</strong></span> <span class='ocrx_word' id='word_1_56' title='bbox 907 1338 1080 1397; x_wconf 86' lang='lat' dir='ltr'><strong>tibias</strong></span> <span class='ocrx_word' id='word_1_57' title='bbox 1110 1338 1311 1397; x_wconf 88' lang='lat' dir='ltr'><strong>inflare</strong></span> <span class='ocrx_word' id='word_1_58' title='bbox 1340 1338 1546 1398; x_wconf 91' lang='lat' dir='ltr'><strong>solitos</strong></span> <span class='ocrx_word' id='word_1_59' title='bbox 1575 1358 1728 1412; x_wconf 87' lang='lat' dir='ltr'><strong>esse,</strong></span> <span class='ocrx_word' id='word_1_60' title='bbox 1758 1359 1914 1418; x_wconf 85' lang='lat' dir='ltr'><strong>quae,</strong></span> <span class='ocrx_word' id='word_1_61' title='bbox 1944 1337 1993 1396; x_wconf 91' lang='lat' dir='ltr'><strong>si</strong></span> <span class='ocrx_word' id='word_1_62' title='bbox 2023 1337 2231 1396; x_wconf 85' lang='lat' dir='ltr'><strong>dextra</strong></span> <span class='ocrx_word' id='word_1_63' title='bbox 2272 1356 2450 1394; x_wconf 90' lang='lat' dir='ltr'><strong>manu</strong></span> <span class='ocrx_word' id='word_1_64' title='bbox 2480 1334 2725 1396; x_wconf 85' lang='lat' dir='ltr'><strong>dextra·</strong></span> 
     </span>
     <span class='ocr_line' id='line_1_10' title="bbox 527 1433 2726 1513; baseline 0 -22"><span class='ocrx_word' id='word_1_65' title='bbox 527 1453 641 1511; x_wconf 89' lang='lat' dir='ltr'><strong>que</strong></span> <span class='ocrx_word' id='word_1_66' title='bbox 690 1433 808 1493; x_wconf 89' lang='lat' dir='ltr'><strong>oris</strong></span> <span class='ocrx_word' id='word_1_67' title='bbox 851 1442 1015 1513; x_wconf 86' lang='lat' dir='ltr'><strong>parte</strong></span> <span class='ocrx_word' id='word_1_68' title='bbox 1061 1444 1420 1507; x_wconf 89' lang='lat' dir='ltr'><strong>tenerentur,</strong></span> <span class='ocrx_word' id='word_1_69' title='bbox 1468 1435 1691 1495; x_wconf 85' lang='lat' dir='ltr'><strong>dextrae</strong></span> <span class='ocrx_word' id='word_1_70' title='bbox 1742 1435 1918 1495; x_wconf 79' lang='lat' dir='ltr'><strong>dietae</strong></span> <span class='ocrx_word' id='word_1_71' title='bbox 1971 1442 2144 1492; x_wconf 88' lang='lat' dir='ltr'><strong>sunt:</strong></span> <span class='ocrx_word' id='word_1_72' title='bbox 2188 1453 2324 1512; x_wconf 83' lang='lat' dir='ltr'><strong>quae</strong></span> <span class='ocrx_word' id='word_1_73' title='bbox 2369 1452 2507 1493; x_wconf 86' lang='lat' dir='ltr'><strong>vero</strong></span> <span class='ocrx_word' id='word_1_74' title='bbox 2565 1434 2726 1493; x_wconf 85' lang='lat' dir='ltr'><strong>laeva</strong></span> 
     </span>
     <span class='ocr_line' id='line_1_11' title="bbox 524 1528 2719 1610; baseline 0 -23"><span class='ocrx_word' id='word_1_75' title='bbox 524 1548 703 1588; x_wconf 89' lang='lat' dir='ltr'><strong>manu</strong></span> <span class='ocrx_word' id='word_1_76' title='bbox 730 1529 998 1609; x_wconf 78' lang='lat' dir='ltr'><strong>laevaque</strong></span> <span class='ocrx_word' id='word_1_77' title='bbox 1026 1531 1143 1591; x_wconf 93' lang='lat' dir='ltr'><strong>oris</strong></span> <span class='ocrx_word' id='word_1_78' title='bbox 1187 1541 1373 1610; x_wconf 90' lang='lat' dir='ltr'><strong>parte,</strong></span> <span class='ocrx_word' id='word_1_79' title='bbox 1404 1532 1653 1591; x_wconf 87' lang='lat' dir='ltr'><strong>sinistrae</strong></span> <span class='ocrx_word' id='word_1_80' title='bbox 1679 1553 1695 1592; x_wconf 71' lang='grc' dir='ltr'>ε</span> <span class='ocrx_word' id='word_1_81' title='bbox 1737 1531 1898 1590; x_wconf 86' lang='lat' dir='ltr'><strong>huno</strong></span> <span class='ocrx_word' id='word_1_82' title='bbox 1927 1530 2087 1608; x_wconf 87' lang='lat' dir='ltr'><strong>apud</strong></span> <span class='ocrx_word' id='word_1_83' title='bbox 2115 1529 2249 1588; x_wconf 86' lang='lat' dir='ltr'><strong>illos</strong></span> <span class='ocrx_word' id='word_1_84' title='bbox 2278 1548 2497 1589; x_wconf 88' lang='lat' dir='ltr'><strong>morem</strong></span> <span class='ocrx_word' id='word_1_85' title='bbox 2526 1528 2719 1588; x_wconf 86' lang='lat' dir='ltr'><strong>fuisse</strong></span> 
     </span>
     <span class='ocr_line' id='line_1_12' title="bbox 526 1625 2721 1707; baseline 0 -25"><span class='ocrx_word' id='word_1_86' title='bbox 526 1625 770 1705; x_wconf 88' lang='lat' dir='ltr'><strong>antiqua</strong></span> <span class='ocrx_word' id='word_1_87' title='bbox 826 1646 1118 1687; x_wconf 87' lang='lat' dir='ltr'><strong>marmora</strong></span> <span class='ocrx_word' id='word_1_88' title='bbox 1171 1637 1232 1687; x_wconf 86' lang='lat' dir='ltr'><strong>et</strong></span> <span class='ocrx_word' id='word_1_89' title='bbox 1275 1628 1495 1687; x_wconf 90' lang='lat' dir='ltr'><strong>nummi</strong></span> <span class='ocrx_word' id='word_1_90' title='bbox 1554 1648 1771 1707; x_wconf 85' lang='lat' dir='ltr'><strong>magno</strong></span> <span class='ocrx_word' id='word_1_91' title='bbox 1821 1646 2066 1686; x_wconf 91' lang='lat' dir='ltr'><strong>numero</strong></span> <span class='ocrx_word' id='word_1_92' title='bbox 2116 1626 2460 1685; x_wconf 89' lang='lat' dir='ltr'><strong>ostendunt.</strong></span> <span class='ocrx_word' id='word_1_93' title='bbox 2547 1625 2721 1684; x_wconf 84' lang='lat' dir='ltr'><strong>Duas</strong></span> 
     </span>
     <span class='ocr_line' id='line_1_13' title="bbox 522 1722 2723 1803; baseline -0 -23"><span class='ocrx_word' id='word_1_94' title='bbox 522 1741 660 1781; x_wconf 85' lang='lat' dir='ltr'><strong>vero</strong></span> <span class='ocrx_word' id='word_1_95' title='bbox 691 1722 950 1796; x_wconf 85' lang='lat' dir='ltr'><strong>dextras,</strong></span> <span class='ocrx_word' id='word_1_96' title='bbox 968 1743 1086 1782; x_wconf 89' lang='lat' dir='ltr'><strong>non</strong></span> <span class='ocrx_word' id='word_1_97' title='bbox 1114 1744 1286 1803; x_wconf 88' lang='lat' dir='ltr'><strong>pares</strong></span> <span class='ocrx_word' id='word_1_98' title='bbox 1315 1724 1574 1796; x_wconf 76' lang='lat' dir='ltr'><strong>dextraS,</strong></span> <span class='ocrx_word' id='word_1_99' title='bbox 1605 1735 1664 1784; x_wconf 92' lang='lat' dir='ltr'><strong>et</strong></span> <span class='ocrx_word' id='word_1_100' title='bbox 1692 1723 1938 1803; x_wconf 84' lang='lat' dir='ltr'><strong>proinde</strong></span> <span class='ocrx_word' id='word_1_101' title='bbox 1969 1723 2118 1782; x_wconf 90' lang='lat' dir='ltr'><strong>duas</strong></span> <span class='ocrx_word' id='word_1_102' title='bbox 2150 1723 2441 1792; x_wconf 87' lang='lat' dir='ltr'><strong>sinistras,</strong></span> <span class='ocrx_word' id='word_1_103' title='bbox 2470 1730 2630 1780; x_wconf 87' lang='lat' dir='ltr'><strong>recte</strong></span> <span class='ocrx_word' id='word_1_104' title='bbox 2661 1729 2723 1778; x_wconf 89' lang='lat' dir='ltr'><strong>et</strong></span> 
     </span>
     <span class='ocr_line' id='line_1_14' title="bbox 521 1816 2721 1899; baseline 0 -24"><span class='ocrx_word' id='word_1_105' title='bbox 521 1817 755 1896; x_wconf 87' lang='lat' dir='ltr'><strong>proprie</strong></span> <span class='ocrx_word' id='word_1_106' title='bbox 784 1818 898 1878; x_wconf 89' lang='lat' dir='ltr'><strong>dici</strong></span> <span class='ocrx_word' id='word_1_107' title='bbox 924 1829 1087 1899; x_wconf 88' lang='lat' dir='ltr'><strong>patet</strong></span> <span class='ocrx_word' id='word_1_108' title='bbox 1132 1830 1192 1879; x_wconf 90' lang='lat' dir='ltr'><strong>et</strong></span> <span class='ocrx_word' id='word_1_109' title='bbox 1224 1840 1297 1880; x_wconf 87' lang='lat' dir='ltr'><strong>ex</strong></span> <span class='ocrx_word' id='word_1_110' title='bbox 1339 1818 1434 1879; x_wconf 90' lang='lat' dir='ltr'><strong>his</strong></span> <span class='ocrx_word' id='word_1_111' title='bbox 1476 1820 1685 1892; x_wconf 86' lang='lat' dir='ltr'><strong>titulis,</strong></span> <span class='ocrx_word' id='word_1_112' title='bbox 1727 1828 1787 1879; x_wconf 92' lang='lat' dir='ltr'><strong>et</strong></span> <span class='ocrx_word' id='word_1_113' title='bbox 1831 1840 1903 1879; x_wconf 89' lang='lat' dir='ltr'><strong>ex</strong></span> <span class='ocrx_word' id='word_1_114' title='bbox 1949 1818 2257 1879; x_wconf 87' lang='lat' dir='ltr'><strong>notissimo</strong></span> <span class='ocrx_word' id='word_1_115' title='bbox 2291 1817 2531 1877; x_wconf 87' lang='lat' dir='ltr'><strong>Phaedri</strong></span> <span class='ocrx_word' id='word_1_116' title='bbox 2581 1816 2721 1876; x_wconf 86' lang='lat' dir='ltr'><strong>loco</strong></span> 
     </span>
     <span class='ocr_line' id='line_1_15' title="bbox 520 1912 2321 2000; baseline 0.002 -28"><span class='ocrx_word' id='word_1_117' title='bbox 520 1912 564 1974; x_wconf 90' lang='lat' dir='ltr'><strong>l.</strong></span> <span class='ocrx_word' id='word_1_118' title='bbox 601 1933 661 1973; x_wconf 84' lang='lat' dir='ltr'><strong>V.</strong></span> <span class='ocrx_word' id='word_1_119' title='bbox 693 1915 741 1974; x_wconf 91' lang='lat' dir='ltr'><strong>F</strong></span> <span class='ocrx_word' id='word_1_120' title='bbox 744 1918 836 1975; x_wconf 89' lang='lat' dir='ltr'><strong>ab.</strong></span> <span class='ocrx_word' id='word_1_121' title='bbox 870 1918 929 1976; x_wconf 88' lang='lat'><strong>6.</strong></span> <span class='ocrx_word' id='word_1_122' title='bbox 961 1916 1036 1976; x_wconf 90' lang='lat' dir='ltr'><strong>de</strong></span> <span class='ocrx_word' id='word_1_123' title='bbox 1061 1916 1317 1990; x_wconf 81' lang='lat' dir='ltr'><strong>tibicine,</strong></span> <span class='ocrx_word' id='word_1_124' title='bbox 1346 1917 1448 2000; x_wconf 90' lang='lat' dir='ltr'><strong>qui</strong></span> <span class='ocrx_word' id='word_1_125' title='bbox 1479 1916 1773 1977; x_wconf 84' lang='lat' dir='ltr'><strong>sinistram</strong></span> <span class='ocrx_word' id='word_1_126' title='bbox 1801 1917 2056 1995; x_wconf 84' lang='lat' dir='ltr'><strong>fregerat</strong></span> <span class='ocrx_word' id='word_1_127' title='bbox 2080 1915 2277 1975; x_wconf 89' lang='lat' dir='ltr'><strong>tibiam</strong></span> <span class='ocrx_word' id='word_1_128' title='bbox 2305 1935 2321 1975; x_wconf 73' lang='grc' dir='ltr'>ε</span> 
     </span>
    </p>
   </div>
   <div class='ocr_carea' id='block_1_6' title="bbox 921 2060 2238 2140">
    <p class='ocr_par' dir='ltr' id='par_1_6' title="bbox 921 2060 2238 2140">
     <span class='ocr_line' id='line_1_16' title="bbox 921 2060 2238 2140; baseline 0.002 -21"><span class='ocrx_word' id='word_1_129' title='bbox 921 2061 1109 2124; x_wconf 73' lang='lat' dir='ltr'><strong>DUAs</strong></span> <span class='ocrx_word' id='word_1_130' title='bbox 1137 2082 1270 2125; x_wconf 88' lang='lat' dir='ltr'><strong>cum</strong></span> <span class='ocrx_word' id='word_1_131' title='bbox 1301 2081 1612 2122; x_wconf 62' lang='lat' dir='ltr'><strong>buxa-ans</strong></span> <span class='ocrx_word' id='word_1_132' title='bbox 1641 2061 1949 2122; x_wconf 86' lang='lat' dir='ltr'><strong>maluisset</strong></span> <span class='ocrx_word' id='word_1_133' title='bbox 1973 2060 2238 2140; x_wconf 88' lang='lat' dir='ltr'><strong>perdere.</strong></span> 
     </span>
    </p>
   </div>
   <div class='ocr_carea' id='block_1_7' title="bbox 492 2170 2719 4270">
    <p class='ocr_par' dir='ltr' id='par_1_7' title="bbox 495 2170 2719 3789">
     <span class='ocr_line' id='line_1_17' title="bbox 600 2170 2719 2254; baseline -0.001 -24"><span class='ocrx_word' id='word_1_134' title='bbox 600 2171 692 2230; x_wconf 87' lang='lat' dir='ltr'><strong>Ex</strong></span> <span class='ocrx_word' id='word_1_135' title='bbox 731 2172 905 2233; x_wconf 89' lang='lat' dir='ltr'><strong>tertio</strong></span> <span class='ocrx_word' id='word_1_136' title='bbox 949 2175 1133 2244; x_wconf 57' lang='lat' dir='ltr'><strong>titulo</strong></span> <span class='ocrx_word' id='word_1_137' title='bbox 1167 2175 1354 2254; x_wconf 88' lang='lat' dir='ltr'><strong>liquet</strong></span> <span class='ocrx_word' id='word_1_138' title='bbox 1405 2176 1579 2235; x_wconf 89' lang='lat' dir='ltr'><strong>tibias</strong></span> <span class='ocrx_word' id='word_1_139' title='bbox 1636 2175 1873 2235; x_wconf 85' lang='lat' dir='ltr'><strong>dextras</strong></span> <span class='ocrx_word' id='word_1_140' title='bbox 1927 2176 2003 2233; x_wconf 92' lang='lat' dir='ltr'><strong>ab</strong></span> <span class='ocrx_word' id='word_1_141' title='bbox 2048 2171 2365 2251; x_wconf 86' lang='lat' dir='ltr'><strong>imparibus</strong></span> <span class='ocrx_word' id='word_1_142' title='bbox 2410 2170 2719 2250; x_wconf 85' lang='lat' dir='ltr'><strong>distingui,</strong></span> 
     </span>
     <span class='ocr_line' id='line_1_18' title="bbox 518 2266 2715 2352; baseline 0 -27"><span class='ocrx_word' id='word_1_143' title='bbox 518 2266 768 2347; x_wconf 86' lang='lat' dir='ltr'><strong>ideoque</strong></span> <span class='ocrx_word' id='word_1_144' title='bbox 797 2288 968 2347; x_wconf 90' lang='lat' dir='ltr'><strong>pares</strong></span> <span class='ocrx_word' id='word_1_145' title='bbox 996 2270 1201 2344; x_wconf 86' lang='lat' dir='ltr'><strong>fuisse,</strong></span> <span class='ocrx_word' id='word_1_146' title='bbox 1228 2271 1290 2329; x_wconf 95' lang='lat' dir='ltr'><strong>id</strong></span> <span class='ocrx_word' id='word_1_147' title='bbox 1320 2281 1431 2345; x_wconf 85' lang='lat' dir='ltr'><strong>est,</strong></span> <span class='ocrx_word' id='word_1_148' title='bbox 1475 2272 1714 2352; x_wconf 89' lang='lat' dir='ltr'><strong>paribus</strong></span> <span class='ocrx_word' id='word_1_149' title='bbox 1762 2270 2167 2343; x_wconf 85' lang='lat' dir='ltr'><strong>foraminibus,</strong></span> <span class='ocrx_word' id='word_1_150' title='bbox 2211 2288 2501 2348; x_wconf 88' lang='lat' dir='ltr'><strong>paresque</strong></span> <span class='ocrx_word' id='word_1_151' title='bbox 2532 2285 2715 2328; x_wconf 89' lang='lat' dir='ltr'><strong>sonos</strong></span> 
     </span>
     <span class='ocr_line' id='line_1_19' title="bbox 516 2359 2713 2446; baseline 0.001 -27"><span class='ocrx_word' id='word_1_152' title='bbox 516 2359 798 2437; x_wconf 83' lang='lat' dir='ltr'><strong>edidisse,</strong></span> <span class='ocrx_word' id='word_1_153' title='bbox 827 2365 1169 2444; x_wconf 79' lang='lat' dir='ltr'><strong>quodidem</strong></span> <span class='ocrx_word' id='word_1_154' title='bbox 1196 2368 1321 2446; x_wconf 87' lang='lat' dir='ltr'><strong>pari</strong></span> <span class='ocrx_word' id='word_1_155' title='bbox 1338 2368 1471 2445; x_wconf 89' lang='lat' dir='ltr'><strong>jure</strong></span> <span class='ocrx_word' id='word_1_156' title='bbox 1501 2366 1577 2426; x_wconf 88' lang='lat' dir='ltr'><strong>de</strong></span> <span class='ocrx_word' id='word_1_157' title='bbox 1606 2367 1836 2427; x_wconf 87' lang='lat' dir='ltr'><strong>duabus</strong></span> <span class='ocrx_word' id='word_1_158' title='bbox 1868 2366 2120 2426; x_wconf 88' lang='lat' dir='ltr'><strong>sinistris</strong></span> <span class='ocrx_word' id='word_1_159' title='bbox 2162 2365 2339 2425; x_wconf 89' lang='lat' dir='ltr'><strong>etiam</strong></span> <span class='ocrx_word' id='word_1_160' title='bbox 2368 2364 2713 2424; x_wconf 89' lang='lat' dir='ltr'><strong>dicendum.</strong></span> 
     </span>
     <span class='ocr_line' id='line_1_20' title="bbox 515 2458 2716 2543; baseline 0 -25"><span class='ocrx_word' id='word_1_161' title='bbox 515 2458 775 2538; x_wconf 89' lang='lat' dir='ltr'><strong>Impares</strong></span> <span class='ocrx_word' id='word_1_162' title='bbox 803 2462 982 2540; x_wconf 85' lang='lat' dir='ltr'><strong>igitur</strong></span> <span class='ocrx_word' id='word_1_163' title='bbox 1008 2462 1170 2523; x_wconf 87' lang='lat' dir='ltr'><strong>fuere</strong></span> <span class='ocrx_word' id='word_1_164' title='bbox 1220 2464 1357 2524; x_wconf 74' lang='lat' dir='ltr'><strong>duae</strong></span> <span class='ocrx_word' id='word_1_165' title='bbox 1404 2465 1584 2537; x_wconf 75' lang='lat' dir='ltr'><strong>tibiae,</strong></span> <span class='ocrx_word' id='word_1_166' title='bbox 1632 2484 1878 2543; x_wconf 85' lang='lat' dir='ltr'><strong>quarum</strong></span> <span class='ocrx_word' id='word_1_167' title='bbox 1919 2463 2131 2523; x_wconf 84' lang='lat' dir='ltr'><strong>dextra</strong></span> <span class='ocrx_word' id='word_1_168' title='bbox 2178 2463 2382 2532; x_wconf 82' lang='lat' dir='ltr'><strong>altera,</strong></span> <span class='ocrx_word' id='word_1_169' title='bbox 2412 2461 2602 2520; x_wconf 88' lang='lat' dir='ltr'><strong>altera</strong></span> <span class='ocrx_word' id='word_1_170' title='bbox 2631 2460 2716 2520; x_wconf 90' lang='lat' dir='ltr'><strong>si·</strong></span> 
     </span>
     <span class='ocr_line' id='line_1_21' title="bbox 512 2557 2715 2641; baseline 0.003 -29"><span class='ocrx_word' id='word_1_171' title='bbox 512 2557 736 2616; x_wconf 83' lang='lat' dir='ltr'><strong>nistra:</strong></span> <span class='ocrx_word' id='word_1_172' title='bbox 780 2557 838 2616; x_wconf 90' lang='lat' dir='ltr'><strong>in</strong></span> <span class='ocrx_word' id='word_1_173' title='bbox 867 2560 1052 2638; x_wconf 90' lang='lat' dir='ltr'><strong>primo</strong></span> <span class='ocrx_word' id='word_1_174' title='bbox 1080 2561 1257 2641; x_wconf 82' lang='lat' dir='ltr'><strong>igitur</strong></span> <span class='ocrx_word' id='word_1_175' title='bbox 1283 2562 1474 2634; x_wconf 89' lang='lat' dir='ltr'><strong>titulo,</strong></span> <span class='ocrx_word' id='word_1_176' title='bbox 1503 2581 1638 2622; x_wconf 87' lang='lat' dir='ltr'><strong>cum</strong></span> <span class='ocrx_word' id='word_1_177' title='bbox 1666 2561 1822 2621; x_wconf 89' lang='lat' dir='ltr'><strong>tibiis</strong></span> <span class='ocrx_word' id='word_1_178' title='bbox 1850 2560 2087 2639; x_wconf 86' lang='lat' dir='ltr'><strong>paribus</strong></span> <span class='ocrx_word' id='word_1_179' title='bbox 2118 2557 2373 2617; x_wconf 82' lang='lat' dir='ltr'><strong>addatur</strong></span> <span class='ocrx_word' id='word_1_180' title='bbox 2401 2557 2624 2617; x_wconf 86' lang='lat' dir='ltr'><strong>dextris</strong></span> <span class='ocrx_word' id='word_1_181' title='bbox 2652 2569 2715 2619; x_wconf 91' lang='lat' dir='ltr'><strong>et</strong></span> 
     </span>
     <span class='ocr_line' id='line_1_22' title="bbox 514 2650 2714 2740; baseline 0.002 -31"><span class='ocrx_word' id='word_1_182' title='bbox 514 2650 787 2728; x_wconf 84' lang='lat' dir='ltr'><strong>sinistris,</strong></span> <span class='ocrx_word' id='word_1_183' title='bbox 815 2655 876 2713; x_wconf 89' lang='lat' dir='ltr'><strong>in</strong></span> <span class='ocrx_word' id='word_1_184' title='bbox 906 2657 1116 2735; x_wconf 86' lang='lat' dir='ltr'><strong>quinto</strong></span> <span class='ocrx_word' id='word_1_185' title='bbox 1142 2678 1281 2718; x_wconf 86' lang='lat' dir='ltr'><strong>vero</strong></span> <span class='ocrx_word' id='word_1_186' title='bbox 1310 2659 1464 2718; x_wconf 88' lang='lat' dir='ltr'><strong>tibiis</strong></span> <span class='ocrx_word' id='word_1_187' title='bbox 1493 2659 1733 2740; x_wconf 85' lang='lat' dir='ltr'><strong>paribus</strong></span> <span class='ocrx_word' id='word_1_188' title='bbox 1784 2656 1930 2715; x_wconf 90' lang='lat' dir='ltr'><strong>nihil</strong></span> <span class='ocrx_word' id='word_1_189' title='bbox 1974 2655 2094 2715; x_wconf 91' lang='lat' dir='ltr'><strong>tale</strong></span> <span class='ocrx_word' id='word_1_190' title='bbox 2137 2653 2412 2730; x_wconf 84' lang='lat' dir='ltr'><strong>addatur,</strong></span> <span class='ocrx_word' id='word_1_191' title='bbox 2456 2672 2714 2714; x_wconf 88' lang='lat' dir='ltr'><strong>censen·</strong></span> 
     </span>
     <span class='ocr_line' id='line_1_23' title="bbox 512 2747 2710 2835; baseline 0.001 -29"><span class='ocrx_word' id='word_1_192' title='bbox 512 2747 651 2808; x_wconf 87' lang='lat' dir='ltr'><strong>dum</strong></span> <span class='ocrx_word' id='word_1_193' title='bbox 682 2761 775 2810; x_wconf 89' lang='lat' dir='ltr'><strong>est</strong></span> <span class='ocrx_word' id='word_1_194' title='bbox 800 2752 896 2812; x_wconf 86' lang='lat' dir='ltr'><strong>vel</strong></span> <span class='ocrx_word' id='word_1_195' title='bbox 921 2754 982 2812; x_wconf 90' lang='lat' dir='ltr'><strong>in</strong></span> <span class='ocrx_word' id='word_1_196' title='bbox 1010 2754 1199 2835; x_wconf 81' lang='lat' dir='ltr'><strong>primo</strong></span> <span class='ocrx_word' id='word_1_197' title='bbox 1225 2755 1446 2815; x_wconf 85' lang='lat' dir='ltr'><strong>dextris</strong></span> <span class='ocrx_word' id='word_1_198' title='bbox 1475 2766 1533 2816; x_wconf 90' lang='lat' dir='ltr'><strong>et</strong></span> <span class='ocrx_word' id='word_1_199' title='bbox 1559 2755 1810 2815; x_wconf 88' lang='lat' dir='ltr'><strong>sinistris</strong></span> <span class='ocrx_word' id='word_1_200' title='bbox 1839 2773 1913 2813; x_wconf 85' lang='lat' dir='ltr'><strong>ex</strong></span> <span class='ocrx_word' id='word_1_201' title='bbox 1941 2750 2267 2813; x_wconf 89' lang='lat' dir='ltr'><strong>abundanti</strong></span> <span class='ocrx_word' id='word_1_202' title='bbox 2294 2748 2493 2827; x_wconf 87' lang='lat' dir='ltr'><strong>adjici,</strong></span> <span class='ocrx_word' id='word_1_203' title='bbox 2522 2749 2619 2809; x_wconf 86' lang='lat' dir='ltr'><strong>vel</strong></span> <span class='ocrx_word' id='word_1_204' title='bbox 2648 2750 2710 2809; x_wconf 90' lang='lat' dir='ltr'><strong>in</strong></span> 
     </span>
     <span class='ocr_line' id='line_1_24' title="bbox 512 2845 2711 2933; baseline 0.001 -30"><span class='ocrx_word' id='word_1_205' title='bbox 512 2845 721 2923; x_wconf 87' lang='lat' dir='ltr'><strong>quinto</strong></span> <span class='ocrx_word' id='word_1_206' title='bbox 761 2868 938 2910; x_wconf 85' lang='lat' dir='ltr'><strong>voces</strong></span> <span class='ocrx_word' id='word_1_207' title='bbox 981 2870 1084 2911; x_wconf 90' lang='lat' dir='ltr'><strong>eas</strong></span> <span class='ocrx_word' id='word_1_208' title='bbox 1124 2851 1335 2931; x_wconf 89' lang='lat' dir='ltr'><strong>injuria</strong></span> <span class='ocrx_word' id='word_1_209' title='bbox 1377 2852 1637 2933; x_wconf 90' lang='lat' dir='ltr'><strong>quadam</strong></span> <span class='ocrx_word' id='word_1_210' title='bbox 1665 2850 1994 2913; x_wconf 81' lang='lat' dir='ltr'><strong>excidisse:</strong></span> <span class='ocrx_word' id='word_1_211' title='bbox 2037 2865 2309 2927; x_wconf 86' lang='lat' dir='ltr'><strong>cumque,</strong></span> <span class='ocrx_word' id='word_1_212' title='bbox 2340 2845 2454 2903; x_wconf 91' lang='lat' dir='ltr'><strong>nisi</strong></span> <span class='ocrx_word' id='word_1_213' title='bbox 2483 2845 2711 2924; x_wconf 88' lang='lat' dir='ltr'><strong>aliquid</strong></span> 
     </span>
     <span class='ocr_line' id='line_1_25' title="bbox 508 2942 2709 3028; baseline 0 -28"><span class='ocrx_word' id='word_1_214' title='bbox 508 2942 798 3016; x_wconf 81' lang='lat' dir='ltr'><strong>ejusmodi</strong></span> <span class='ocrx_word' id='word_1_215' title='bbox 854 2945 1127 3021; x_wconf 87' lang='lat' dir='ltr'><strong>addatur,</strong></span> <span class='ocrx_word' id='word_1_216' title='bbox 1185 2948 1334 3008; x_wconf 85' lang='lat' dir='ltr'><strong>seire</strong></span> <span class='ocrx_word' id='word_1_217' title='bbox 1378 2967 1759 3028; x_wconf 86' lang='lat' dir='ltr'><strong>nequeamus,</strong></span> <span class='ocrx_word' id='word_1_218' title='bbox 1807 2957 2004 3007; x_wconf 89' lang='lat' dir='ltr'><strong>utrum</strong></span> <span class='ocrx_word' id='word_1_219' title='bbox 2048 2945 2273 3003; x_wconf 84' lang='lat' dir='ltr'><strong>dextrae</strong></span> <span class='ocrx_word' id='word_1_220' title='bbox 2321 2962 2398 3001; x_wconf 87' lang='lat' dir='ltr'><strong>an</strong></span> <span class='ocrx_word' id='word_1_221' title='bbox 2450 2942 2709 3001; x_wconf 67' lang='lat' dir='ltr'><strong>sinistras</strong></span> 
     </span>
     <span class='ocr_line' id='line_1_26' title="bbox 504 3037 2708 3124; baseline 0.001 -29"><span class='ocrx_word' id='word_1_222' title='bbox 504 3037 744 3112; x_wconf 84' lang='lat' dir='ltr'><strong>fuerint,</strong></span> <span class='ocrx_word' id='word_1_223' title='bbox 772 3040 982 3119; x_wconf 89' lang='lat' dir='ltr'><strong>opinor</strong></span> <span class='ocrx_word' id='word_1_224' title='bbox 1006 3043 1246 3120; x_wconf 88' lang='lat' dir='ltr'><strong>paribus</strong></span> <span class='ocrx_word' id='word_1_225' title='bbox 1262 3044 1426 3107; x_wconf 80' lang='lat' dir='ltr'><strong>tibiis</strong></span> <span class='ocrx_word' id='word_1_226' title='bbox 1448 3054 1700 3124; x_wconf 86' lang='lat' dir='ltr'><strong>quatuor</strong></span> <span class='ocrx_word' id='word_1_227' title='bbox 1723 3042 1994 3122; x_wconf 84' lang='lat' dir='ltr'><strong>intelligi,</strong></span> <span class='ocrx_word' id='word_1_228' title='bbox 2016 3040 2166 3100; x_wconf 90' lang='lat' dir='ltr'><strong>duas</strong></span> <span class='ocrx_word' id='word_1_229' title='bbox 2196 3038 2419 3099; x_wconf 83' lang='lat' dir='ltr'><strong>scilicet</strong></span> <span class='ocrx_word' id='word_1_230' title='bbox 2445 3037 2708 3111; x_wconf 81' lang='lat' dir='ltr'><strong>dextras,</strong></span> 
     </span>
     <span class='ocr_line' id='line_1_27' title="bbox 505 3132 2709 3218; baseline 0.001 -29"><span class='ocrx_word' id='word_1_231' title='bbox 505 3149 641 3191; x_wconf 86' lang='lat' dir='ltr'><strong>cum</strong></span> <span class='ocrx_word' id='word_1_232' title='bbox 668 3132 902 3194; x_wconf 89' lang='lat' dir='ltr'><strong>duabus</strong></span> <span class='ocrx_word' id='word_1_233' title='bbox 931 3135 1201 3210; x_wconf 84' lang='lat' dir='ltr'><strong>sinistris,</strong></span> <span class='ocrx_word' id='word_1_234' title='bbox 1223 3148 1285 3197; x_wconf 91' lang='lat' dir='ltr'><strong>et</strong></span> <span class='ocrx_word' id='word_1_235' title='bbox 1305 3137 1568 3200; x_wconf 82' lang='lat' dir='ltr'><strong>diversas</strong></span> <span class='ocrx_word' id='word_1_236' title='bbox 1593 3140 1843 3200; x_wconf 72' lang='lat' dir='ltr'><strong>Fabulae</strong></span> <span class='ocrx_word' id='word_1_237' title='bbox 1857 3146 2055 3218; x_wconf 80' lang='lat' dir='ltr'><strong>partes</strong></span> <span class='ocrx_word' id='word_1_238' title='bbox 2081 3133 2328 3195; x_wconf 86' lang='lat' dir='ltr'><strong>diversis</strong></span> <span class='ocrx_word' id='word_1_239' title='bbox 2355 3133 2512 3193; x_wconf 78' lang='lat' dir='ltr'><strong>tibiis</strong></span> <span class='ocrx_word' id='word_1_240' title='bbox 2540 3142 2709 3192; x_wconf 84' lang='lat' dir='ltr'><strong>aetas</strong></span> 
     </span>
     <span class='ocr_line' id='line_1_28' title="bbox 502 3226 2703 3311; baseline 0.001 -26"><span class='ocrx_word' id='word_1_241' title='bbox 502 3226 729 3298; x_wconf 81' lang='lat' dir='ltr'><strong>fuisse3</strong></span> <span class='ocrx_word' id='word_1_242' title='bbox 781 3230 926 3290; x_wconf 85' lang='lat' dir='ltr'><strong>alias</strong></span> <span class='ocrx_word' id='word_1_243' title='bbox 955 3250 1166 3311; x_wconf 87' lang='lat' dir='ltr'><strong>nempe</strong></span> <span class='ocrx_word' id='word_1_244' title='bbox 1213 3233 1444 3295; x_wconf 88' lang='lat' dir='ltr'><strong>duabus</strong></span> <span class='ocrx_word' id='word_1_245' title='bbox 1489 3233 1734 3308; x_wconf 73' lang='lat' dir='ltr'><strong>dextris,</strong></span> <span class='ocrx_word' id='word_1_246' title='bbox 1766 3234 1913 3296; x_wconf 83' lang='lat' dir='ltr'><strong>alias</strong></span> <span class='ocrx_word' id='word_1_247' title='bbox 1959 3251 2098 3294; x_wconf 83' lang='lat' dir='ltr'><strong>vero</strong></span> <span class='ocrx_word' id='word_1_248' title='bbox 2147 3229 2380 3289; x_wconf 91' lang='lat' dir='ltr'><strong>duabus</strong></span> <span class='ocrx_word' id='word_1_249' title='bbox 2411 3227 2703 3295; x_wconf 87' lang='lat' dir='ltr'><strong>sinistris;</strong></span> 
     </span>
     <span class='ocr_line' id='line_1_29' title="bbox 503 3325 2702 3404; baseline 0 -20"><span class='ocrx_word' id='word_1_250' title='bbox 503 3325 597 3385; x_wconf 88' lang='lat' dir='ltr'><strong>vel</strong></span> <span class='ocrx_word' id='word_1_251' title='bbox 622 3336 810 3387; x_wconf 87' lang='lat' dir='ltr'><strong>totam</strong></span> <span class='ocrx_word' id='word_1_252' title='bbox 834 3328 1119 3390; x_wconf 90' lang='lat' dir='ltr'><strong>Fabulam</strong></span> <span class='ocrx_word' id='word_1_253' title='bbox 1147 3331 1332 3392; x_wconf 88' lang='lat' dir='ltr'><strong>altera</strong></span> <span class='ocrx_word' id='word_1_254' title='bbox 1351 3331 1481 3394; x_wconf 81' lang='lat' dir='ltr'><strong>vice</strong></span> <span class='ocrx_word' id='word_1_255' title='bbox 1506 3330 1602 3398; x_wconf 80' lang='lat' dir='ltr'><strong>his</strong></span> <span class='ocrx_word' id='word_1_256' title='bbox 1631 3331 1812 3402; x_wconf 87' lang='lat' dir='ltr'><strong>tibiis,</strong></span> <span class='ocrx_word' id='word_1_257' title='bbox 1842 3331 2026 3390; x_wconf 86' lang='lat' dir='ltr'><strong>altera</strong></span> <span class='ocrx_word' id='word_1_258' title='bbox 2051 3327 2189 3388; x_wconf 86' lang='lat' dir='ltr'><strong>illis.</strong></span> <span class='ocrx_word' id='word_1_259' title='bbox 2273 3326 2605 3404; x_wconf 89' lang='lat' dir='ltr'><strong>Utrumque</strong></span> <span class='ocrx_word' id='word_1_260' title='bbox 2640 3326 2702 3384; x_wconf 89' lang='lat' dir='ltr'><strong>in</strong></span> 
     </span>
     <span class='ocr_line' id='line_1_30' title="bbox 500 3422 2699 3502; baseline -0.001 -21"><span class='ocrx_word' id='word_1_261' title='bbox 500 3440 616 3482; x_wconf 84' lang='lat' dir='ltr'><strong>usu</strong></span> <span class='ocrx_word' id='word_1_262' title='bbox 642 3422 825 3484; x_wconf 80' lang='lat' dir='ltr'><strong>fuisse</strong></span> <span class='ocrx_word' id='word_1_263' title='bbox 852 3443 971 3486; x_wconf 86' lang='lat' dir='ltr'><strong>non</strong></span> <span class='ocrx_word' id='word_1_264' title='bbox 1001 3439 1093 3486; x_wconf 88' lang='lat' dir='ltr'><strong>est</strong></span> <span class='ocrx_word' id='word_1_265' title='bbox 1117 3437 1186 3487; x_wconf 91' lang='lat' dir='ltr'><strong>ut</strong></span> <span class='ocrx_word' id='word_1_266' title='bbox 1212 3427 1572 3502; x_wconf 87' lang='lat' dir='ltr'><strong>dubitemus,</strong></span> <span class='ocrx_word' id='word_1_267' title='bbox 1616 3447 1752 3488; x_wconf 89' lang='lat' dir='ltr'><strong>cum</strong></span> <span class='ocrx_word' id='word_1_268' title='bbox 1779 3446 1854 3486; x_wconf 81' lang='lat' dir='ltr'><strong>ex</strong></span> <span class='ocrx_word' id='word_1_269' title='bbox 1875 3425 2041 3485; x_wconf 88' lang='lat' dir='ltr'><strong>hisce</strong></span> <span class='ocrx_word' id='word_1_270' title='bbox 2068 3423 2259 3484; x_wconf 90' lang='lat' dir='ltr'><strong>titulis</strong></span> <span class='ocrx_word' id='word_1_271' title='bbox 2288 3430 2531 3482; x_wconf 89' lang='lat' dir='ltr'><strong>constet</strong></span> <span class='ocrx_word' id='word_1_272' title='bbox 2557 3440 2699 3481; x_wconf 81' lang='lat' dir='ltr'><strong>ean·</strong></span> 
     </span>
     <span class='ocr_line' id='line_1_31' title="bbox 501 3516 2697 3603; baseline -0.001 -26"><span class='ocrx_word' id='word_1_273' title='bbox 501 3517 637 3578; x_wconf 91' lang='lat' dir='ltr'><strong>dem</strong></span> <span class='ocrx_word' id='word_1_274' title='bbox 675 3520 936 3581; x_wconf 86' lang='lat' dir='ltr'><strong>fabulam</strong></span> <span class='ocrx_word' id='word_1_275' title='bbox 963 3541 1084 3582; x_wconf 89' lang='lat' dir='ltr'><strong>non</strong></span> <span class='ocrx_word' id='word_1_276' title='bbox 1113 3544 1344 3603; x_wconf 88' lang='lat' dir='ltr'><strong>semper</strong></span> <span class='ocrx_word' id='word_1_277' title='bbox 1381 3525 1592 3586; x_wconf 88' lang='lat' dir='ltr'><strong>iisdem</strong></span> <span class='ocrx_word' id='word_1_278' title='bbox 1620 3524 1772 3584; x_wconf 88' lang='lat' dir='ltr'><strong>tibiis</strong></span> <span class='ocrx_word' id='word_1_279' title='bbox 1801 3532 1999 3583; x_wconf 90' lang='lat' dir='ltr'><strong>actam</strong></span> <span class='ocrx_word' id='word_1_280' title='bbox 2026 3520 2251 3588; x_wconf 75' lang='lat' dir='ltr'><strong>fuisse3</strong></span> <span class='ocrx_word' id='word_1_281' title='bbox 2297 3527 2359 3578; x_wconf 89' lang='lat' dir='ltr'><strong>et</strong></span> <span class='ocrx_word' id='word_1_282' title='bbox 2385 3517 2446 3577; x_wconf 90' lang='lat' dir='ltr'><strong>in</strong></span> <span class='ocrx_word' id='word_1_283' title='bbox 2487 3516 2697 3576; x_wconf 87' lang='lat' dir='ltr'><strong>eadem</strong></span> 
     </span>
     <span class='ocr_line' id='line_1_32' title="bbox 498 3612 2699 3698; baseline -0.002 -23"><span class='ocrx_word' id='word_1_284' title='bbox 498 3616 729 3676; x_wconf 77' lang='lat' dir='ltr'><strong>actione</strong></span> <span class='ocrx_word' id='word_1_285' title='bbox 763 3616 974 3678; x_wconf 88' lang='lat' dir='ltr'><strong>modos</strong></span> <span class='ocrx_word' id='word_1_286' title='bbox 1016 3620 1380 3681; x_wconf 86' lang='lat' dir='ltr'><strong>canticorum</strong></span> <span class='ocrx_word' id='word_1_287' title='bbox 1408 3631 1471 3681; x_wconf 88' lang='lat' dir='ltr'><strong>et</strong></span> <span class='ocrx_word' id='word_1_288' title='bbox 1497 3620 1886 3682; x_wconf 84' lang='lat' dir='ltr'><strong>diverbiorum</strong></span> <span class='ocrx_word' id='word_1_289' title='bbox 1914 3638 2075 3698; x_wconf 84' lang='lat' dir='ltr'><strong>saepe</strong></span> <span class='ocrx_word' id='word_1_290' title='bbox 2106 3624 2367 3676; x_wconf 87' lang='lat' dir='ltr'><strong>mutatos</strong></span> <span class='ocrx_word' id='word_1_291' title='bbox 2397 3612 2699 3674; x_wconf 85' lang='lat' dir='ltr'><strong>annotarit</strong></span> 
     </span>
     <span class='ocr_line' id='line_1_33' title="bbox 495 3710 2465 3789; baseline 0.001 -17"><span class='ocrx_word' id='word_1_292' title='bbox 495 3710 792 3785; x_wconf 81' lang='lat' dir='ltr'><strong>Donatus.</strong></span> <span class='ocrx_word' id='word_1_293' title='bbox 2461 3785 2465 3789; x_wconf 17' lang='grc' dir='ltr'><strong>Α</strong></span> 
     </span>
    </p>

    <p class='ocr_par' dir='ltr' id='par_1_8' title="bbox 492 3804 2693 4270">
     <span class='ocr_line' id='line_1_34' title="bbox 575 3804 2693 3884; baseline -0.003 -14"><span class='ocrx_word' id='word_1_294' title='bbox 575 3811 804 3882; x_wconf 85' lang='lat' dir='ltr'><strong>Quarta</strong></span> <span class='ocrx_word' id='word_1_295' title='bbox 849 3811 1053 3873; x_wconf 79' lang='lat' dir='ltr'><strong>fabula</strong></span> <span class='ocrx_word' id='word_1_296' title='bbox 1096 3822 1230 3874; x_wconf 86' lang='lat' dir='ltr'><strong>acta</strong></span> <span class='ocrx_word' id='word_1_297' title='bbox 1278 3813 1492 3875; x_wconf 85' lang='lat' dir='ltr'><strong>dieitur</strong></span> <span class='ocrx_word' id='word_1_298' title='bbox 1539 3810 1696 3872; x_wconf 89' lang='lat' dir='ltr'><strong>tibiis</strong></span> <span class='ocrx_word' id='word_1_299' title='bbox 1738 3810 2029 3883; x_wconf 77' lang='lat' dir='ltr'><strong>SarraniS,</strong></span> <span class='ocrx_word' id='word_1_300' title='bbox 2075 3807 2193 3881; x_wconf 85' lang='lat' dir='ltr'><strong>vel,</strong></span> <span class='ocrx_word' id='word_1_301' title='bbox 2238 3818 2308 3866; x_wconf 93' lang='lat' dir='ltr'><strong>ut</strong></span> <span class='ocrx_word' id='word_1_302' title='bbox 2336 3805 2435 3865; x_wconf 92' lang='lat' dir='ltr'><strong>alii</strong></span> <span class='ocrx_word' id='word_1_303' title='bbox 2462 3804 2693 3884; x_wconf 84' lang='lat' dir='ltr'><strong>legunt,</strong></span> 
     </span>
     <span class='ocr_line' id='line_1_35' title="bbox 495 3903 2689 3977; baseline -0.002 -11"><span class='ocrx_word' id='word_1_304' title='bbox 495 3909 793 3977; x_wconf 86' lang='lat' dir='ltr'><strong>Serranis;</strong></span> <span class='ocrx_word' id='word_1_305' title='bbox 824 3909 931 3970; x_wconf 91' lang='lat' dir='ltr'><strong>sed</strong></span> <span class='ocrx_word' id='word_1_306' title='bbox 960 3909 1106 3969; x_wconf 89' lang='lat' dir='ltr'><strong>mihi</strong></span> <span class='ocrx_word' id='word_1_307' title='bbox 1131 3909 1439 3971; x_wconf 91' lang='lat' dir='ltr'><strong>indubium</strong></span> <span class='ocrx_word' id='word_1_308' title='bbox 1484 3919 1578 3969; x_wconf 89' lang='lat' dir='ltr'><strong>est</strong></span> <span class='ocrx_word' id='word_1_309' title='bbox 1621 3908 1905 3968; x_wconf 72' lang='lat' dir='ltr'><strong>Sarranis</strong></span> <span class='ocrx_word' id='word_1_310' title='bbox 1947 3924 2147 3968; x_wconf 85' lang='lat' dir='ltr'><strong>veram</strong></span> <span class='ocrx_word' id='word_1_311' title='bbox 2175 3924 2310 3964; x_wconf 88' lang='lat' dir='ltr'><strong>esse</strong></span> <span class='ocrx_word' id='word_1_312' title='bbox 2351 3903 2689 3974; x_wconf 87' lang='lat' dir='ltr'><strong>lectionem,</strong></span> 
     </span>
     <span class='ocr_line' id='line_1_36' title="bbox 496 3998 2693 4086; baseline -0.001 -26"><span class='ocrx_word' id='word_1_313' title='bbox 496 4021 533 4060; x_wconf 89' lang='lat' dir='ltr'><strong>a</strong></span> <span class='ocrx_word' id='word_1_314' title='bbox 554 4004 729 4063; x_wconf 84' lang='lat' dir='ltr'><strong>Sarra</strong></span> <span class='ocrx_word' id='word_1_315' title='bbox 756 4005 953 4079; x_wconf 88' lang='lat' dir='ltr'><strong>dictis,</strong></span> <span class='ocrx_word' id='word_1_316' title='bbox 981 4028 1116 4086; x_wconf 84' lang='lat' dir='ltr'><strong>quae</strong></span> <span class='ocrx_word' id='word_1_317' title='bbox 1143 4007 1298 4085; x_wconf 82' lang='lat' dir='ltr'><strong>Tyro</strong></span> <span class='ocrx_word' id='word_1_318' title='bbox 1323 4005 1463 4065; x_wconf 92' lang='lat' dir='ltr'><strong>olim</strong></span> <span class='ocrx_word' id='word_1_319' title='bbox 1499 4023 1718 4063; x_wconf 86' lang='lat' dir='ltr'><strong>nomen</strong></span> <span class='ocrx_word' id='word_1_320' title='bbox 1760 4004 1905 4070; x_wconf 76' lang='lat' dir='ltr'><strong>fuit3</strong></span> <span class='ocrx_word' id='word_1_321' title='bbox 1948 4001 2110 4062; x_wconf 91' lang='lat' dir='ltr'><strong>unde</strong></span> <span class='ocrx_word' id='word_1_322' title='bbox 2153 4000 2462 4079; x_wconf 83' lang='lat' dir='ltr'><strong>Virgilius,</strong></span> <span class='ocrx_word' id='word_1_323' title='bbox 2510 4005 2528 4032; x_wconf 89' lang='lat'>‘</span> <span class='ocrx_word' id='word_1_324' title='bbox 2554 3998 2693 4057; x_wconf 87' lang='lat' dir='ltr'><strong>Sar-</strong></span> 
     </span>
     <span class='ocr_line' id='line_1_37' title="bbox 492 4093 2686 4177; baseline -0.001 -24"><span class='ocrx_word' id='word_1_325' title='bbox 492 4114 636 4155; x_wconf 87' lang='lat' dir='ltr'><strong>rano</strong></span> <span class='ocrx_word' id='word_1_326' title='bbox 670 4098 985 4161; x_wconf 89' lang='lat' dir='ltr'><strong>indormiat</strong></span> <span class='ocrx_word' id='word_1_327' title='bbox 1032 4111 1196 4163; x_wconf 87' lang='lat' dir='ltr'><strong>ostro</strong></span> <span class='ocrx_word' id='word_1_328' title='bbox 1217 4106 1255 4161; x_wconf 87' lang='lat'><strong>:’</strong></span> <span class='ocrx_word' id='word_1_329' title='bbox 1297 4100 1373 4161; x_wconf 83' lang='lat' dir='ltr'><strong>G.</strong></span> <span class='ocrx_word' id='word_1_330' title='bbox 1407 4121 1484 4160; x_wconf 89' lang='lat'><strong>11.</strong></span> <span class='ocrx_word' id='word_1_331' title='bbox 1513 4102 1652 4160; x_wconf 90' lang='lat'><strong>506.</strong></span> <span class='ocrx_word' id='word_1_332' title='bbox 1690 4108 1753 4158; x_wconf 87' lang='lat' dir='ltr'><strong>et</strong></span> <span class='ocrx_word' id='word_1_333' title='bbox 1799 4099 2093 4177; x_wconf 88' lang='lat' dir='ltr'><strong>antiquior</strong></span> <span class='ocrx_word' id='word_1_334' title='bbox 2142 4093 2391 4174; x_wconf 82' lang='lat' dir='ltr'><strong>Virgilio</strong></span> <span class='ocrx_word' id='word_1_335' title='bbox 2434 4093 2686 4163; x_wconf 81' lang='lat' dir='ltr'><strong>Ennius,</strong></span> 
     </span>
     <span class='ocr_line' id='line_1_38' title="bbox 492 4188 2690 4270; baseline -0.001 -22"><span class='ocrx_word' id='word_1_336' title='bbox 492 4196 512 4225; x_wconf 77' lang='lat'><em>⁴</em></span> <span class='ocrx_word' id='word_1_337' title='bbox 533 4189 747 4254; x_wconf 87' lang='lat' dir='ltr'><strong>Poenos</strong></span> <span class='ocrx_word' id='word_1_338' title='bbox 777 4194 955 4255; x_wconf 87' lang='lat' dir='ltr'><strong>Sarra</strong></span> <span class='ocrx_word' id='word_1_339' title='bbox 979 4197 1304 4270; x_wconf 88' lang='lat' dir='ltr'><strong>oriundos,&#39;</strong></span> <span class='ocrx_word' id='word_1_340' title='bbox 1351 4207 1419 4257; x_wconf 88' lang='lat' dir='ltr'><strong>ut</strong></span> <span class='ocrx_word' id='word_1_341' title='bbox 1463 4196 1659 4257; x_wconf 89' lang='lat' dir='ltr'><strong>locum</strong></span> <span class='ocrx_word' id='word_1_342' title='bbox 1699 4195 1867 4256; x_wconf 88' lang='lat' dir='ltr'><strong>illum</strong></span> <span class='ocrx_word' id='word_1_343' title='bbox 1907 4192 2171 4254; x_wconf 82' lang='lat' dir='ltr'><strong>laudavit</strong></span> <span class='ocrx_word' id='word_1_344' title='bbox 2199 4190 2454 4251; x_wconf 87' lang='lat' dir='ltr'><strong>Probus.</strong></span> <span class='ocrx_word' id='word_1_345' title='bbox 2538 4188 2690 4249; x_wconf 86' lang='lat' dir='ltr'><strong>Mihi</strong></span> 
     </span>
    </p>
   </div>
   <div class='ocr_carea' id='block_1_8' title="bbox 2983 35 3040 4708">
    <p class='ocr_par' dir='ltr' id='par_1_9' title="bbox 2983 35 3040 4708">
     <span class='ocr_line' id='line_1_39' title="bbox 2983 35 3040 4708; baseline 0 0"><span class='ocrx_word' id='word_1_346' title='bbox 2983 35 3040 4708; x_wconf 95' lang='lat' dir='ltr'><strong> </strong></span> 
     </span>
    </p>
   </div>
  </div>
 </body>
</html>
