3050 4942
490 359 618 428 134
904 378 1305 428 covssnus
1353 380 1451 428 nn
1501 379 1868 430 vnasisus
1915 383 2239 432 ΤΒΒΕΝΤ.

906 615 1527 720 ANTONIUs
1618 618 2261 687 GOVEANUS

1063 751 1165 801 DE
1197 749 1554 802 VERSIBUS
1585 752 2092 805 TERENTIANIS.

488 898 921 964 Turturum
942 924 1146 965 versus
1170 913 1270 966 aut
1294 905 1527 968 iambici
1556 915 1717 980 sunt,
1739 917 1844 968 aut
1862 907 2167 968 trochaici.
2224 907 2465 968 Iambici
2492 903 2678 987 pedes

490 998 643 1059 duos
670 1001 980 1081 recipiunt,
1022 1003 1281 1062 iambum
1308 1012 1369 1063 et
1398 1003 1767 1084 spondaeum,
1809 1014 1869 1064 et
1916 1004 1983 1062 in'
2006 1022 2157 1083 quos
2186 1003 2226 1063 ii
2253 1003 2680 1074 dissolvuntur,

487 1096 687 1156 nullos
731 1107 1034 1177 praeterea.
1117 1098 1423 1159 Trochaici
1463 1100 1605 1161 item
1649 1100 1823 1173 duos,
1866 1102 2191 1162 trochaeum
2218 1112 2279 1161 et
2307 1099 2677 1182 spondaeuni,

490 1204 551 1253 et
578 1194 638 1252 in
667 1214 815 1273 quos
844 1195 882 1255 ii
913 1196 1335 1269 dissolvuntur,
1354 1194 1551 1257 nullos
1581 1200 1888 1277 proeterea.
1943 1198 2181 1258 lambini
2208 1208 2312 1257 aut
2332 1195 2680 1258 monometri

491 1301 651 1363 sunt,
696 1301 799 1351 aut
823 1292 1072 1365 dimetri,
1121 1302 1223 1354 aut
1250 1293 1514 1364 trimetri,
1561 1302 1665 1352 aut
1692 1295 2032 1355 tetrametri.
2117 1294 2472 1354 Monometri
2499 1312 2678 1353 unam

487 1385 710 1447 habent
734 1408 1087 1464 mensuram,
1116 1390 1229 1450 hoc
1257 1402 1369 1464 est,
1397 1390 1583 1470 pedes
1612 1389 1786 1464 duos,
1816 1389 1968 1450 duas
1996 1390 2247 1464 dimetri,
2274 1400 2393 1451 tres
2416 1391 2679 1462 trimetri,

488 1482 604 1545 boc
632 1495 745 1560 est,
788 1487 973 1568 pedes
1002 1508 1127 1563 sex,
1163 1489 1322 1549 unde
1352 1508 1389 1549 a
1418 1488 1642 1549 Latinis
1672 1489 1887 1549 senarii
1916 1487 2059 1549 dicti
2090 1499 2249 1548 sunt.
2332 1487 2679 1549 Tetrametri

489 1592 762 1660 quatuor,
811 1584 927 1644 hoc
973 1595 1087 1657 est,
1129 1585 1312 1666 pedes
1350 1598 1526 1648 octo:
1567 1588 1667 1666 qui
1708 1598 1770 1647 et
1795 1586 2081 1648 octonarii
2110 1606 2145 1646 a
2175 1587 2509 1659 Latinis,fet
2535 1604 2682 1664 qua-

492 1678 663 1754 drati,
691 1692 753 1743 et
777 1682 1107 1765 longissimi
1132 1686 1427 1747 dicuntur.
1510 1687 1868 1747 Monometri
1896 1697 1958 1747 et
1982 1686 2223 1747 trimetri
2242 1685 2425 1765 justae
2453 1704 2686 1764 semper

493 1786 633 1837 sunt
659 1799 973 1856 mensurae,
1016 1794 1080 1845 et
1117 1783 1236 1844 veri
1279 1802 1509 1864 semper
1551 1784 1805 1857 iambici,
1841 1784 1957 1844 hoc
1999 1793 2111 1856 est,
2154 1783 2366 1863 pedem
2412 1781 2683 1843 ultimum

495 1893 722 1955 semper
747 1878 969 1940 habent
993 1880 1268 1941 iambum.
1339 1881 1736 1943 Dimetrorum
1770 1891 1832 1942 et
1857 1890 2325 1942 tetrametrorurn
2342 1878 2528 1959 justae
2555 1873 2686 1958 qui·

492 1969 626 2032 dem
654 1986 796 2036 sunt
822 1998 1135 2050 mensurae,
1176 1978 1276 2057 qui
1324 1979 1689 2062 acatalectici
1739 1989 2043 2049 vocantur,
2089 1976 2247 2056 iique
2284 1976 2405 2036 veri
2453 1994 2684 2055 semper

492 2070 651 2148 apud
681 2071 840 2133 hunc
868 2076 1168 2135 auctorem
1200 2086 1339 2135 sunt
1366 2076 1620 2136 iambici.
1674 2076 1919 2156 Injustae
1941 2075 2182 2156 quidam
2203 2071 2687 2146 mensuroe'sunt,

492 2174 556 2225 et
595 2166 635 2225 ii
684 2187 801 2228 non
848 2190 1077 2250 semper
1118 2171 1240 2231 veri
1284 2183 1425 2232 sunt
1466 2173 1721 2246 iambici,
1765 2172 1869 2233 sed
1899 2184 1968 2233 ut
1991 2173 2304 2253 plurimum
2333 2170 2686 2252 spondaeum

494 2271 600 2321 aut
627 2261 926 2346 dactylum
954 2268 1161 2328 ultima
1189 2268 1327 2330 sede
1369 2270 1677 2349 recipiunt,
1721 2270 2115 2349 dicunturque
2159 2269 2502 2328 Scazontes.
2586 2266 2688 2324 In·

482 2356 665 2437 justae
694 2370 892 2423 autem
920 2383 1054 2424 esse
1078 2383 1285 2426 versus
1312 2386 1604 2427 mensurae
1635 2366 1822 2427 modis
1847 2366 2079 2427 duobus
2108 2363 2358 2426 accidit:
2400 2365 2505 2423 aut
2530 2363 2687 2423 enim

485 2454 651 2534 justo
679 2457 910 2538 syllaba
938 2461 1196 2523 minores
1225 2473 1385 2538 sunt,
1414 2473 1517 2524 aut
1558 2464 1843 2543 majores:
1886 2464 1991 2536 illi,
2033 2460 2403 2529 catalectici:
2445 2460 2530 2533 hi,
2577 2458 2687 2538 hy-

490 2555 927 2630 percatalectici
956 2569 1095 2619 sunt
1120 2561 1426 2621 nominati·
1511 2558 1761 2621 Dimetri
1788 2570 1857 2620 ut
1882 2559 2049 2620 multi
2079 2559 2199 2619 sint
2224 2555 2575 2629 catalectici,
2602 2556 2688 2615 ita

491 2649 643 2709 nulli
691 2650 1204 2733 hypercatalectici
1252 2658 1643 2739 reperiuntur.
1746 2656 1926 2718 Nunc
1973 2655 2257 2716 trochaici
2301 2665 2404 2715 aut
2453 2651 2688 2713 dimetri

493 2756 653 2822 sunt,
681 2760 784 2811 aut
810 2756 1152 2829 tetrametri,
1179 2757 1510 2819 catalectici
1539 2776 1765 2829 omnes,
1812 2753 1907 2816 vel
1948 2750 2485 2834 hypercatalectici,
2537 2760 2600 2810 et
2645 2748 2686 2808 ii

492 2847 776 2906 octonarii
800 2867 817 2908 ι
875 2851 1024 2911 nulli
1071 2851 1361 2932 siquidem
1405 2853 1635 2913 dimetri
1685 2849 2203 2932 hypercatalectici
2249 2858 2407 2908 sunt.
2493 2845 2687 2907 Nimis

492 2940 657 3001 suere
686 2943 976 3023 ingeniosi
1004 2949 1103 3026 qui
1131 2949 1404 3010 denarios
1432 2968 1638 3009 versus
1666 2949 1727 3006 in
1755 2946 2028 3008 Terentio
2055 2955 2197 3006 sunt
2217 2943 2559 3016 commenti,
2584 2951 2688 3023 qui

493 3046 892 3113 pentametros
916 3042 1219 3119 iambicos,
1246 3047 1347 3126 qui
1376 3045 1654 3106 dimetros
1677 3044 2048 3106 redundante
2076 3042 2251 3122 pede,
2273 3039 2376 3120 qui
2404 3041 2688 3101 dimetros

493 3134 762 3208 creticos,
815 3139 917 3215 qui
961 3141 1208 3202 creticos
1238 3152 1630 3204 monometros
1659 3140 2031 3202 redundante
2057 3139 2235 3228 pede,
2277 3137 2379 3216 qui
2407 3157 2442 3196 e
2469 3137 2690 3200 cretico

496 3249 615 3289 uno
635 3251 868 3293 versum
894 3237 1317 3314 brevissimum,
1340 3241 1440 3319 qui
1469 3240 1720 3300 creticos
1744 3239 1803 3298 in
1825 3238 2040 3318 quibus
2066 3256 2175 3317 pro
2199 3235 2417 3296 cretico
2437 3254 2688 3314 ponere·

495 3334 592 3385 tur
619 3329 933 3406 molossuS,
962 3345 1279 3413 poneretur
1323 3346 1386 3397 et
1430 3334 1683 3408 iambuS,
1725 3334 1828 3414 qui
1877 3333 2138 3394 senarios
2164 3332 2443 3393 iambicos
2473 3331 2688 3412 hyper-

494 3425 896 3501 catalecticos,
918 3431 1019 3511 qui
1040 3443 1303 3494 monstra
1331 3433 1435 3494 illa
1461 3452 1736 3493 versuum
1763 3453 1796 3492 e
1823 3430 2138 3491 trochaicis
2167 3440 2229 3489 et
2254 3428 2521 3489 iambicis
2544 3446 2686 3488 con-

385 3521 404 3542 “
494 3517 659 3582 flata.
743 3525 927 3586 Porro
956 3547 1066 3587 nec
1092 3530 1167 3589 ab
1194 3529 1460 3591 iambicis
1505 3529 1584 3588 ad
1631 3528 1986 3601 trochaicoS,
2032 3546 2144 3588 nec
2187 3527 2263 3586 ab
2311 3526 2384 3585 iis
2427 3522 2507 3583 ad
2555 3524 2687 3583 illos

495 3619 708 3679 transit
735 3620 942 3697 Poeta,
979 3623 1092 3684 nisi
1127 3627 1287 3705 (quae
1331 3635 1500 3685 vetus
1547 3624 1854 3685 doctorum
1899 3624 2014 3683 fuit
2052 3623 2274 3702 opinio,
2320 3622 2503 3699 longo
2533 3639 2570 3680 a
2595 3640 2687 3680 me

495 3716 803 3779 intervallo
829 3724 1135 3799 renovata)
1165 3742 1255 3784 res
1284 3722 1345 3783 id
1376 3731 1480 3783 aut
1505 3721 1790 3801 postulet,
1819 3731 1921 3781 aut
1948 3729 2104 3780 certe
2132 3719 2301 3778 ferat.
2373 3716 2688 3784 Quomodo

497 3822 693 3873 autem
718 3815 783 3875 id
811 3837 900 3878 res
933 3828 1034 3879 aut
1061 3820 1342 3901 postulet,
1386 3830 1490 3881 aut
1517 3821 1686 3892 ferat,
1728 3817 1849 3878 suis
1878 3819 2023 3878 locis
2052 3816 2110 3876 in
2140 3815 2210 3876 iis
2240 3814 2687 3874 Commentariis

496 3906 860 3986 docebimus,
902 3934 1051 3993 quos
1099 3916 1161 3975 in
1209 3917 1548 3977 Terentium
1593 3932 1890 3993 paramus.
1973 3914 2123 3981 Quae
2172 3914 2480 3991 poetarum
2526 3930 2687 3974 more

496 4004 672 4067 licere
702 4009 813 4068 sibi
840 4012 1021 4072 voluit
1046 4015 1354 4074 Terentius
1380 4018 1544 4092 (quae
1572 4011 1811 4092 quidem
1838 4030 2031 4090 pauca
2060 4012 2224 4083 sunt)
2261 4009 2391 4068 haec
2421 4006 2685 4069 animad-

497 4103 681 4161 verti:
711 4103 772 4162 in
800 4125 977 4166 unam
998 4110 1293 4170 contrahit
1314 4108 1623 4189 syllabam,
1650 4126 1840 4179 mem,
1870 4118 2031 4178 tuus,
2060 4124 2224 4177 suus,
2249 4104 2438 4176 Deus,
2469 4104 2684 4174 Deum,

500 4194 683 4271 DeoS,
713 4200 881 4276 Deae,
908 4203 1083 4283 prior,
1110 4225 1277 4284 puer,
1300 4195 1402 4279 rei,
1429 4204 1565 4277 eh0,
1591 4204 1722 4276 fuit,
1748 4224 1854 4280 ea:
1895 4204 1956 4263 in
1983 4202 2156 4273 duaa,
2183 4199 2411 4273 eadem,
2439 4198 2682 4270 eodem,
