3050 4942
1011 438 1110 485 nn
1158 438 1459 488 comicis
1510 438 1895 492 vnnsnms.
2408 426 2534 491 181

352 580 428 639 Et
453 600 469 639 :

915 678 992 740 Et
1017 695 1299 760 equorum
1329 678 1588 740 duellica
1612 680 1827 759 proles.

350 773 463 833 Ubi
492 783 557 834 et
583 776 867 854 σύλληψις
889 795 1020 837 esse
1046 785 1245 857 potest
1272 780 1291 810 ‘
1315 775 1496 837 duel!
1581 776 1695 836 Et:

354 867 369 876 ”
909 873 987 933 Et
1012 873 1213 933 sonitu
1242 873 1477 934 sterilia.

351 964 540 1028 Item:
575 1031 581 1040 ὁ
1335 968 1340 974 “
1420 979 1425 982 “

908 1069 1085 1129 Nunc
1114 1069 1239 1129 scio
1268 1066 1412 1148 quid
1447 1066 1524 1127 sit
1553 1085 1733 1127 amor.

343 1196 361 1225 ‘
385 1192 501 1253 Sco
522 1193 540 1218 ⁹
579 1194 700 1255 κατ’
723 1197 1165 1279 ἐπισυγαλοιφὴν
1192 1196 1536 1278 legendum,
1579 1205 1647 1257 ut
1698 1195 1973 1257 Diomedi
1996 1195 2211 1277 placet.
2295 1197 2526 1258 Sodes:

344 1287 394 1346 si
443 1287 651 1349 audes.
735 1291 958 1381 Sultis:
1002 1293 1052 1353 si
1097 1294 1297 1368 vultis,
1350 1292 1470 1355 κατ’
1517 1293 1796 1370 ἔκθλιψιν.
1878 1292 2080 1366 Suam,
2129 1313 2291 1354 sam:
2334 1313 2526 1366 suum,

346 1402 509 1445 sum:
556 1387 701 1460 suis,
731 1387 852 1447 sis:
895 1408 1051 1462 eum,
1079 1390 1198 1450 im:
1241 1408 1440 1469 eapse,
1469 1408 1542 1449 ea
1568 1389 1736 1469 ipsa:
1779 1408 1974 1469 sapsa,
2004 1409 2069 1451 se
2095 1390 2268 1470 ipsa:

585 1515 912 1597 Postquam
937 1518 1157 1580 lumina
1185 1519 1264 1580 sis
1292 1517 1481 1579 oculis
1508 1519 1700 1579 bonus
1730 1520 1932 1578 Ancus
1960 1517 2212 1598 reliquit.

583 1614 854 1694 Virgines
882 1636 1019 1677 nam
1048 1617 1156 1677 sibi
1183 1616 1434 1697 quisque
1463 1616 1622 1676 domi
1652 1616 1955 1676 Romanus
1982 1613 2160 1674 habet
2188 1633 2308 1674 sas.

584 1710 720 1779 Quo
746 1731 839 1773 res
869 1732 1046 1793 sapsa
1073 1713 1204 1775 loco
1233 1732 1363 1773 sese
1390 1711 1766 1790 ostentatque
1785 1712 2093 1792 jubetque.

341 1840 525 1913 Tuus,
556 1851 690 1901 tus:
729 1851 852 1926 tua,
887 1854 983 1904 ta:
1027 1863 1172 1917 suae,
1220 1863 1326 1903 se:
1372 1854 1475 1902 aut
1524 1843 1801 1919 συλλήψει
1826 1838 2288 1922 μονοσνλλᾶβωε,
2335 1831 2487 1901 sicut
2508 1861 2535 1901 :-

339 1939 561 1998 suavis.
649 1938 773 1998 Est'
787 1948 848 2000 et
874 1942 1078 2001 crebra
1106 1942 1377 2018 ἔκθλιψιε,
1420 1951 1481 1999 et
1525 1948 1735 2019 postea
1761 1939 2126 2001 contractio:
2169 1949 2254 2012 ut,
2293 1958 2528 1998 amave-

341 2045 494 2106 runt,
523 2034 879 2108 decreverat,
922 2038 1338 2097 commoverit:
1383 2047 1672 2111 amarunt,
1720 2036 2006 2111 decrerat,
2048 2035 2370 2097 commorit.
2452 2035 2530 2093 Et

340 2129 501 2209 apud
531 2130 864 2191 Lucretium
890 2153 906 2193 :
1134 2206 1138 2210 ¹
1330 2194 1337 2199 .

908 2229 1104 2290 Irritat
1129 2231 1400 2292 virtutem
1429 2232 1627 2293 animi.

320 2320 455 2392 ¹Pro
485 2323 763 2385 Irritavit.
844 2325 1053 2399 Sultis,
1083 2346 1208 2407 pro,
1239 2328 1288 2386 si
1315 2328 1493 2388 vultis
1517 2349 1534 2389 :

577 2419 833 2481 Pandite
865 2423 1036 2484 sultis
1068 2444 1255 2503 genas
1282 2435 1344 2485 et
1368 2425 1550 2486 corde
1577 2424 1887 2504 relinquite
1918 2441 2207 2484 somnum.

344 2547 603 2608 Omnino
633 2560 853 2623 autern,
898 2572 1017 2631 quo
1047 2553 1238 2612 minus
1266 2529 1651 2634 corriperetur
1697 2552 2117 2633 pronuntiati0,
2158 2570 2278 2612 non
2307 2551 2538 2611 obstitit

342 2643 659 2706 Veteribus
689 2667 727 2705 u
756 2667 864 2728 pro
891 2658 1296 2709 consonante:
1341 2660 1408 2708 ut
1447 2656 1465 2684 ‘
1490 2650 1628 2708 Sine
1677 2639 1899 2709 invidia
1941 2646 2178 2708 laudem
2226 2646 2533 2707 invenias!

345 2738 451 2798 Est
477 2741 635 2799 enim
660 2742 763 2801 Sin
795 2743 939 2826 inid.
965 2744 1291 2825 τρίβραχυς.
1362 2743 1603 2817 Audivi,
1630 2743 1811 2805 audii.
1896 2743 2148 2804 Eliditur
2170 2751 2231 2802 et
2254 2743 2423 2802 litera
2449 2735 2532 2807 mi

344 2835 647 2897 ‘Multum
699 2837 796 2896 ille
827 2848 890 2898 et
916 2840 1129 2900 terris!
1207 2839 1380 2898 Hanc
1423 2838 1789 2899 collisionem
1816 2849 2051 2900 vocant.
2134 2839 2325 2897 Etiam
2367 2839 2535 2926 litera

343 2935 382 2992 b
414 2953 534 2992 non
585 2935 809 2996 obstitit
835 2937 1126 2997 interdum
1155 2939 1540 2997 contractioni
1567 2936 1923 3017 syllabarum
1948 2956 1964 2996 :
1997 2948 2085 3009 ut,
2114 2936 2230 3009 abi,
2257 2939 2535 3021 povoovkss

339 3030 529 3105 λᾶβως
580 3032 907 3110 prolatum:
966 3040 1212 3110 συγκοπὴ
1263 3048 1355 3094 est
1403 3035 1687 3108 concisi0,
1734 3054 1869 3094 cum
1916 3034 2145 3113 syllaba
2195 3032 2536 3092 diminuitur

343 3130 605 3189 verbum.
690 3130 822 3203 Nis,
851 3151 977 3210 pro,
1007 3131 1219 3191 nobis:
1262 3129 1505 3203 scilicet,
1555 3151 1683 3211 pre,
1733 3132 1887 3191 scias
1934 3130 2111 3191 licet:
2154 3130 2371 3210 capsiS,
2405 3129 2538 3208 pro,

343 3246 488 3305 cape
520 3226 570 3284 si
603 3226 708 3285 vis.
752 3227 976 3301 Emem,
1005 3248 1132 3308 pr0,
1161 3229 1435 3289 eundem.
1490 3230 1664 3290 Cette
1691 3247 1922 3302 manus,
1949 3247 2078 3308 pre,
2100 3228 2311 3289 cedite.
2368 3227 2536 3288 Actae

345 3342 462 3383 non
494 3323 615 3382 alio
641 3343 778 3403 rege
805 3325 1070 3405 puertiae,
1098 3345 1226 3406 pr0,
1254 3327 1518 3406 pueritiae
1543 3347 1560 3387 :

592 3450 842 3511 Evasti?
882 3450 1061 3512 credo
1089 3463 1338 3527 metues,
1381 3454 1712 3535 doctusque
1740 3455 1999 3528 cavebis,

559 3567 565 3572 ·
591 3546 786 3619 Vixet,
815 3547 910 3607 cui
938 3548 1118 3608 vitam
1150 3550 1312 3609 Deus
1345 3559 1405 3610 et
1432 3570 1543 3610 sua
1571 3551 1778 3611 dextra
1805 3549 2089 3613 dedisset.

593 3643 800 3703 Motus
831 3664 1064 3724 quoque
1093 3665 1332 3726 surpere
1359 3646 1555 3706 debet.

586 3740 737 3809 Quae
767 3759 860 3801 me
889 3753 1197 3820 surpuerat
1221 3742 1400 3801 mihi.⁴

354 3867 603 3929 Extritio
632 3878 829 3929 autem
857 3871 1088 3951 proprie
1116 3871 1289 3931 unius
1320 3880 1549 3930 tantum
1576 3869 1762 3929 literae
1791 3876 1903 3939 est,
1952 3876 2017 3926 ut
2060 3865 2162 3925 illa
2199 3868 2445 3944 ἔκθλιψιε
2470 3869 2540 3927 Ιί-

345 3977 488 4025 terae
517 3986 601 4039 m,
628 3976 692 4025 et
715 3965 902 4026 literae
929 3988 992 4039 u,
1020 3987 1125 4048 pro
1156 3953 1523 4028 consonante
1548 3987 1563 4026 ε
1608 3976 1688 4039 et,
1716 3964 1960 4037 caldior,
1985 3963 2221 4036 lamnae,
2262 3983 2369 4046 pro
2396 3964 2540 4024 cali-

351 4060 498 4135 dior,
539 4062 819 4123 laminoe:
860 4065 1013 4136 istic,
1060 4065 1249 4143 priore
1294 4064 1491 4125 brevi:
1536 4066 1609 4123 ab
1660 4049 1793 4133 olis,
1835 4078 1964 4139 pru,
2006 4060 2079 4119 ab
2122 4060 2272 4121 illis:
2315 4060 2540 4141 antiqui

355 4159 507 4218 enim
540 4159 769 4219 literam
800 4179 921 4218 non
951 4162 1352 4240 geminabant,
1393 4173 1461 4221 ut
1506 4160 1699 4240 inquit
1741 4158 1989 4218 Festus:
2032 4157 2133 4237 qui
2174 4166 2235 4217 et
2261 4158 2544 4238 fenstrarn

357 4254 570 4330 dixere,
612 4274 790 4335 quam
815 4256 1170 4337 posteriores
1201 4257 1585 4337 τρισυλλάβως
1611 4258 1950 4318 fenestram.
2034 4256 2213 4328 Senx,
2241 4254 2333 4316 vel
2372 4274 2540 4329 snex,
