3050 4942
977 357 1291 407 Aunnrffl
1338 358 1504 408 Ac‘r.
1554 360 1604 408 1.
1650 359 1756 407 sc.
1805 357 1869 407 V.
2384 343 2515 409 303

325 498 482 564 MY.
530 498 753 565 Unum
782 501 911 566 hoc
943 501 1113 582 scio,
1170 503 1340 569 hanc
1380 502 1683 568 meritam
1711 521 1885 583 esse,
1933 510 2009 567 ut
2038 522 2292 569 memor
2332 523 2515 569 esses

580 622 704 666 su1.

322 706 459 772 ΡΑ.
504 705 771 772 Memor
798 710 1061 799 essem‘!
1107 727 1149 773 o
1181 708 1426 793 Mysis,
1459 706 1699 794 MysiS,
1740 711 1941 775 etiam
1969 728 2147 775 nunc
2176 710 2340 777 mihi

319 808 596 892 Scripta
619 811 736 875 illa
764 810 944 877 dicta
973 818 1133 876 sunt
1160 812 1227 888 in
1259 813 1480 877 animo
1505 812 1851 896 Chrysidis

321 910 434 975 De
468 912 823 997 Glycerio:
858 913 1003 998 jam
1032 914 1238 979 ferme
1269 915 1556 980 moriens
1584 935 1691 979 me
1722 922 1964 981 vocat:

320 1011 646 1095 Accessi3
695 1035 818 1080 vos
847 1023 1160 1080 semotae:
1205 1036 1330 1081 nos
1358 1017 1526 1082 soli:
1573 1017 1848 1100 incipit:
2428 1019 2514 1083 50

320 1114 429 1178 Mi
459 1116 831 1201 Pamphile,
858 1119 1052 1204 hujus
1081 1118 1359 1184 formam
1390 1127 1591 1204 atque
1625 1125 1892 1185 aetatem
1920 1119 2140 1184 vides.

321 1217 476 1283 Nec
506 1220 681 1283 clam
706 1226 771 1285 te
801 1229 931 1300 est,
963 1242 1162 1307 quam
1191 1223 1295 1286 illi
1321 1229 1625 1308 utraeque
1654 1242 1763 1286 res
1792 1242 1967 1287 nunc
1992 1223 2208 1300 utiles,

320 1318 410 1383 Et
440 1319 525 1384 ad
559 1322 979 1405 pudicitiam,
1011 1328 1079 1387 et
1108 1323 1196 1388 ad
1225 1344 1365 1389 rem
1396 1325 1745 1389 tutandam
1779 1325 1974 1390 sient.

319 1419 523 1499 Quod
553 1443 678 1507 ego
707 1431 777 1488 te
804 1445 923 1509 per
948 1423 1123 1490 hanc
1152 1426 1455 1492 dextram
1487 1445 1630 1505 oro,
1659 1433 1727 1492 et
1755 1428 2092 1511 ingenium
2117 1435 2329 1506 tuum,

319 1638 434 1686 erga
453 1620 625 1676 illam?
689 1624 810 1676 MY.
846 1624 980 1681 Quid
1007 1625 1310 1688 sissacturus
1329 1625 1503 1688 nescio,
1535 1628 1617 1677 sed
1639 1643 1725 1688 ego
1747 1626 1831 1676 hoc
1850 1642 1994 1677 unum
2011 1629 2125 1690 scio,
2156 1629 2277 1678 hanc
2297 1630 2517 1679 meritam

314 1705 432 1747 esse,
454 1694 509 1738 ut
532 1703 706 1739 memor
723 1691 960 1752 esses-sui.
1025 1692 1128 1741 ΡΑ.
1170 1693 1238 1741 Ut
1269 1706 1444 1740 memor
1474 1697 1651 1741 essem?
1687 1694 1732 1740 0
1768 1692 1943 1757 Mysis,
1985 1693 2186 1758 Mysis!
2222 1693 2367 1742 etiam
2395 1710 2520 1743 nunc

318 1755 443 1804 mihi
464 1756 596 1803 dicta
612 1753 696 1802 illa
722 1753 973 1820 Chrysidis
993 1756 1218 1820 impressu
1239 1761 1349 1805 sunt
1371 1757 1423 1804 in
1444 1756 1600 1806 animo
1620 1772 1721 1806 meo
1741 1757 1799 1805 de
1822 1757 2062 1821 Glycerio.
2130 1758 2224 1808 Illa
2245 1757 2355 1818 jam
2374 1760 2521 1807 morti

313 1819 539 1882 proxima
579 1820 762 1869 vocavit
794 1836 868 1869 me
905 1822 969 1870 ad
1005 1836 1072 1871 se.
1139 1821 1248 1882 Ego
1290 1821 1462 1870 accessi
1495 1823 1557 1869 nd
1590 1836 1710 1871 eam.
1800 1821 1892 1871 Vos
1932 1821 2209 1873 secessistis.
2276 1824 2381 1870 Nos
2431 1824 2520 1870 soli

316 1884 643 1933 remansimus.
711 1885 791 1934 Ea
831 1886 902 1935 sic
921 1886 1113 1948 {incipit
1158 1885 1316 1948 loqui:
1351 1886 1430 1936 Mi
1464 1886 1734 1950 Pamphile,
1769 1886 1912 1948 hujus
1948 1888 2160 1947 formam
2194 1886 2418 1936 eximiam
2472 1892 2520 1937 et

315 1954 509 1998 etatem
530 1949 695 2008 wichs,-
726 1965 810 1999 nec
831 1956 880 2000 te
908 1952 1025 2000 latet
1045 1965 1184 2014 quam
1204 1951 1277 1999 illi
1297 1955 1506 2013 utraeque
1527 1964 1605 1999 res
1627 1951 1734 1999 istoe
1760 1953 2060 2000 incommoda·
2091 1952 2209 2013 sint,
2238 1958 2286 2000 et
2319 1953 2382 2001 ad
2411 1967 2518 2000 con-

314 2015 597 2064 servandam
625 2015 907 2079 pudicitiam
927 2021 976 2066 et
996 2030 1098 2065 rem
1115 2015 1440 2076 familiarem.-
1471 2021 1666 2079 propter
1683 2018 1822 2080 quod,
1842 2032 1922 2066 oro
1943 2021 1991 2066 te
2008 2031 2096 2080 per
2115 2016 2235 2066 hanc
2254 2021 2385 2067 tuam
2402 2017 2521 2065 dex·

1229 2167 1590 2188 θθδθθθδθθθθο

311 2298 459 2348 neque
478 2298 596 2334 com.
632 2298 745 2349 qnae
769 2285 822 2333 in
846 2285 948 2335 Ms.
969 2300 1127 2349 supra
1156 2285 1345 2336 lineam
1368 2287 1486 2350 alia,
1507 2293 1567 2336 ut
1590 2284 1814 2345 videtur,
1838 2282 2026 2337 manu!
2094 2285 2394 2336 Communem:
2414 2301 2518 2351 neq.

311 2365 539 2398 common.
575 2348 748 2399 Guelf.
774 2354 955 2399 1.-46
986 2349 1051 2399 In
1079 2352 1146 2402 R.
1167 2349 1226 2400 τὸ
1247 2352 1366 2402 hanc
1390 2352 1739 2402 desideratur.
1771 2350 1915 2399 Lina.
1981 2349 2126 2399 Hanc
2159 2350 2306 2399 abest
2344 2365 2375 2400 a
2413 2366 2521 2402 me·

312 2414 532 2463 lioribus
569 2413 722 2464 codd.
763 2429 863 2465 nec
901 2416 1102 2465 ancillas
1142 2416 1208 2465 de
1248 2416 1452 2466 domina
1487 2417 1720 2481 loquenti
1761 2414 2021 2465 convenit.
2091 2416 2296 2464 Deinde
2339 2416 2355 2442 ‘
2380 2417 2521 2466 esse'

314 2494 453 2543 pone
479 2485 604 2528 ante
628 2482 642 2505 ‘
666 2479 938 2536 meritam‚’
962 2481 1050 2545 qui
1074 2481 1200 2530 ordo
1222 2489 1304 2531 est
1328 2483 1378 2530 in
1400 2483 1600 2531 Donati
1627 2481 1785 2530 Msto.
1822 2479 2128 2542 oxoniensi,
2150 2485 2208 2529 ut
2230 2481 2245 2507 ‘
2263 2481 2521 2531 meritam'

314 2545 456 2594 clare
478 2544 647 2609 possit
670 2544 855 2594 audiri.
889 2545 1038 2595 Bene.
1113 2546 1269 2595 Unum
1290 2548 1339 2595 h.
1361 2546 1457 2594 scio
1478 2561 1577 2596 esse
1599 2546 1835 2605 meritam,
1871 2550 1923 2592 ut
1947 2545 2017 2592 sis
2049 2558 2224 2593 memor
2258 2546 2334 2593 sui
2362 2546 2521 2595 Both.

314 2608 402 2672 qui
437 2615 616 2658 notat:
651 2610 666 2636 ‘
692 2609 861 2670 Vulgo
896 2615 951 2658 ut
980 2625 1047 2659 m.
1082 2625 1203 2659 esses
1233 2611 1330 2669 sui,
1365 2612 1615 2671 depresso
1650 2611 1807 2658 verbo
1841 2609 1855 2634 ‘
1882 2607 2107 2657 memor!
2172 2609 2214 2656 C
2252 2609 2347 2658 sis.-
2380 2609 2520 2673 quod

312 2675 526 2736 recepi:
562 2673 737 2737 itaque
779 2681 835 2723 et
876 2688 986 2739 seq.
1030 2688 1178 2723 versu
1219 2675 1342 2723 dedi
1381 2676 1572 2724 Memm-
1606 2675 1697 2723 sim
1733 2688 1826 2737 pro
1863 2673 2003 2732 vulg.
2069 2671 2260 2721 Memor
2280 2674 2523 2721 essem?—

309 2741 377 2786 48
412 2740 488 2787 Ut
512 2737 824 2800 ambiguitas
848 2739 1070 2801 genitivi
1098 2739 1326 2798 tollatur,
1357 2741 1372 2766 ‘
1391 2739 1559 2789 dicta'
1583 2753 1717 2801 pone
1740 2743 1857 2802 post
1878 2739 1892 2765 ‘
1912 2734 2117 2786 animo?
2147 2737 2299 2786 Bent.
2366 2736 2520 2786 Acci·

312 2803 393 2863 pit
427 2802 807 2851 Bothius.—-50
843 2803 926 2852 Ad
966 2805 981 2832 ‘
1010 2803 1155 2852 Acc.’
1194 2806 1242 2852 in
1284 2804 1478 2853 Glossis
1514 2804 1601 2869 γοῦ
1641 2803 1733 2851 Br.
1779 2809 1861 2850 est
1892 2802 1908 2828 ‘
1936 2815 2033 2863 ego
2050 2799 2082 2848 :²
2126 2801 2191 2849 de
2229 2814 2331 2865 quo
2370 2808 2522 2851 notat

313 2866 523 2917 Brnns:
559 2873 575 2894 ‘
600 2866 859 2917 Inseritur
882 2876 1126 2932 tanquam
1151 2883 1269 2930 pars
1294 2867 1638 2917 textuS.'—-52
1672 2867 1748 2917 M.
1773 2875 1828 2915 et
1849 2866 1936 2915 Tr.
1960 2865 2051 2914 sed
2077 2872 2131 2914 et
2150 2866 2523 2929 Lugdunenses

312 2945 516 2995 oannes»,
555 2931 763 2982 inutiles.
830 2932 977 2981 Unus
1001 2934 1107 2982 ita:
1142 2949 1281 2996 quam
1311 2934 1386 2981 illi
1423 2948 1546 2983 nunc
1568 2938 1781 2996 utroeque
1800 2930 2011 2991 inutiles,
2047 2932 2233 2980 omisso
2253 2945 2350 2993 res,
2383 2930 2523 2994 quod

314 2996 478 3046 habet
504 2996 816 3045 Priscianus.
882 2997 986 3047 Sed
1023 3004 1182 3047 aetate
1219 2997 1415 3047 Donati
1447 2998 1606 3047 etiam
1628 2997 1771 3045 utiles
1791 2997 2004 3044 lectum.
2071 2995 2225 3046 Unde
2249 3010 2351 3044 non
2375 2996 2524 3044 dubi-

315 3061 424 3110 tavi
463 3060 645 3124 edere,
681 3061 758 3109 uti
797 3064 1060 3111 recensuit
1103 3063 1289 3116 Heius,
1330 3064 1473 3112 West.
1544 3063 1613 3112 G.
1654 3061 1766 3112 EA.
1804 3061 1915 3110 ΕΤ.
1953 3060 2077 3108 ΕΜ.
2112 3075 2252 3124 quam
2287 3060 2363 3109 ini
2399 3076 2525 3111 nunc

259 3141 265 3153 ·
315 3130 530 3189 utreque
549 3140 627 3173 res
648 3126 861 3175 inutiles.
928 3126 1011 3176 Id.
1037 3129 1086 3175 in
1112 3125 1250 3177 Add.
1319 3128 1402 3176 Illi
1436 3142 1563 3177 nunc
1598 3131 1809 3189 utroeque
1842 3126 2054 3175 inutiles.
2122 3125 2207 3174 Sic
2235 3140 2301 3174 ex
2325 3127 2390 3175 R.
2414 3127 2525 3174 edi·

313 3198 446 3251 tum,
480 3191 618 3255 quod
643 3191 942 3240 Priscianus
981 3192 1035 3240 in
1071 3199 1223 3254 parte
1262 3193 1513 3256 agnoscit,
1545 3192 1681 3255 apud
1704 3205 1857 3255 quem
1880 3191 2097 3253 legimus
2122 3191 2212 3238 lib.
2234 3204 2351 3242 xlv,
2386 3206 2525 3254 quam

315 3255 391 3304 illi
411 3270 539 3305 nuuc
561 3261 771 3320 utraeque
792 3270 868 3304 res
887 3257 1098 3306 inutiles.
1137 3257 1288 3306 Lind.
1354 3257 1416 3306 R.
1438 3258 1537 3307 hoc
1560 3256 1742 3306 ordine
1766 3257 1933 3320 ponit,
1964 3271 2103 3318 quam
2124 3256 2200 3304 illi
2220 3261 2429 3320 utraeque
2449 3270 2525 3304 res

316 3334 440 3370 nuuc
461 3320 678 3370 inutiles.
746 3321 960 3383 Repone
983 3323 1139 3383 utiles,
1169 3328 1224 3370 et
1252 3335 1431 3371 versus
1462 3329 1544 3370 est
1568 3322 1756 3370 salvus.
1792 3321 1941 3369 Bent.
2011 3321 2169 3376 Quam
2190 3321 2349 3369 utiles·
2405 3320 2453 3370 1.
2478 3335 2525 3370 e.

317 3399 500 3447 purum
527 3385 695 3434 utiles.
763 3386 918 3447 Saepe
937 3387 1198 3449 adjectiva
1220 3384 1546 3448 affirmantia,
1570 3385 1613 3435 si
1649 3388 1663 3414 ‘
1680 3383 1855 3448 quam'
1878 3385 1976 3432 illis
2001 3394 2356 3447 praeponatur,
2379 3385 2524 3449 quasi

318 3449 680 3513 interrogandi
705 3451 878 3510 modo,
909 3450 1131 3513 negandi
1158 3451 1258 3498 vim
1282 3449 1504 3510 habent3
1542 3450 1677 3514 quod
1710 3463 1827 3498 cum
1861 3450 1956 3497 viri
1997 3449 2141 3499 docti
2179 3450 2385 3513 quidam
2420 3465 2525 3499 non

316 3514 446 3563 satis
471 3520 745 3578 caperent,
778 3515 944 3563 locum
979 3515 1361 3577 interpolarunt
1382 3515 1689 3565 scribendo:
1727 3514 1959 3577 quantilli
1980 3529 2102 3562 nunc
2122 3518 2334 3576 utreque
2353 3529 2430 3563 res
2452 3516 2524 3561 in·

319 3580 480 3628 utiles.
550 3579 615 3627 R.
638 3581 710 3628 D.
763 3579 918 3634 Quam
938 3579 1012 3628 illi
1034 3583 1246 3642 utrmque
1264 3594 1343 3628 res
1365 3580 1559 3628 inutiles
1580 3579 1733 3628 Both.
1752 3578 1840 3642 qui
1862 3585 2040 3627 notat:
2066 3580 2081 3606 ‘
2098 3579 2269 3641 Vulgo
2292 3593 2430 3641 quam
2450 3579 2525 3626 illi

317 3657 442 3692 nunc
463 3648 564 3692 atr.
587 3643 712 3693 inne.
745 3643 949 3693 insolite
974 3645 1198 3708 quidem,
1222 3650 1277 3692 et
1303 3644 1459 3693 verbo
1481 3650 1579 3693 utr.
1618 3644 1747 3692 male
1774 3642 1960 3705 posito.
2029 3642 2301 3705 Sequimur
2321 3641 2371 3690 A
2394 3650 2448 3690 ct
2482 3644 2523 3690 C

319 3713 375 3757 et
397 3715 528 3758 vett.
547 3708 668 3757 edd.
721 3708 877 3769 Bent.
901 3722 1003 3758 non
1027 3709 1138 3757 siue
1161 3709 1466 3757 auctoritate
1489 3708 1738 3757 librorum
1760 3720 1839 3755 res
1855 3721 1979 3754 nunc
1999 3707 2142 3755 utiles
2164 3707 2360 3755 ironice
2381 3723 2393 3752 ι
2429 3706 2524 3753 sed

318 3775 487 3823 nativi
513 3780 634 3823 sunt
652 3773 974 3824 morientes.'
1039 3775 1054 3801 ‘
1086 3774 1238 3822 Utiles
1274 3774 1377 3822 Do.
1411 3773 1629 3822 ironice.
1697 3771 1831 3821 Pau.
1854 3771 2075 3820 inutiles:
2103 3769 2217 3820 itid.
2263 3771 2523 3820 Romanus

322 3839 459 3889 ced?
479 3839 614 3889 Perz.
666 3839 822 3894 Quam
841 3838 917 3887 illa
936 3853 1059 3887 nunc
1078 3843 1176 3887 uir.
1199 3853 1275 3887 res
1293 3837 1488 3886 inutiles
1509 3837 1602 3887 Br.
1630 3838 1693 3893 Q.
1712 3836 1750 3885 i.
1772 3851 1819 3883 η.
1838 3839 1935 3883 atr.
1958 3835 2149 3884 inutiles
2166 3835 2359 3886 Z.—·53
2385 3835 2522 3885 Gov.

321 3911 378 3953 et
401 3904 549 3954 Glar.
573 3903 761 3953 tollunt
780 3905 870 3953 ad:
905 3904 1043 3968 quod
1067 3910 1124 3953 et
1145 3903 1296 3952 abest
1317 3902 1383 3952 ab
1409 3903 1535 3952 ΕΜ.
1570 3901 1659 3952 sed
1685 3901 1758 3950 nil
1778 3900 1953 3949 obstat
1993 3899 2179 3961 versui,
2213 3902 2364 3948 modo
2386 3900 2527 3962 lega·
2549 3954 2578 3963 N·

322 3975 410 4017 tur
432 3970 683 4021 mandam
703 3970 766 4018 ad
785 3983 902 4018 rem.
935 3968 1100 4019 West.
1163 3968 1330 4016 R'ecte
1351 3966 1367 3995 ‘
1387 3966 1520 4016 rem’
1561 3973 1681 4016 ante
1723 3967 1738 3994 ‘
1766 3963 2063 4014 tutandam'
2098 3964 2265 4014 locum
2306 3964 2525 4014 obtinet.

323 4032 473 4082 Bent.
540 4033 622 4083 Aa
644 4048 744 4082 rem
765 4035 1010 4083 tutandum
1030 4039 1077 4083 et
1100 4034 1163 4081 ad
1183 4031 1462 4096 pudicitiam
1491 4032 1613 4081 sient
1651 4031 1938 4081 Both.—54
1972 4028 2059 4079 Al.
2080 4034 2129 4078 et
2157 4030 2350 4092 genium
2371 4035 2524 4080 tuum.

325 4097 481 4149 Lind.
548 4099 711 4161 Lege,
728 4099 867 4154 Quod
889 4103 936 4147 te
957 4113 1044 4159 ego
1061 4111 1148 4162 per
1171 4099 1389 4146 dextrum
1410 4098 1530 4146 hanc
1550 4112 1648 4160 oro,
1668 4102 1714 4145 et
1733 4110 1819 4159 per
1835 4095 2028 4156 genium
2047 4099 2197 4144 tuum,
2253 4096 2371 4144 Duo
2389 4095 2523 4145 Pan.

324 4161 520 4212 habent
539 4164 756 4224 geva-ium,
777 4163 915 4227 quod
938 4170 994 4212 et
1013 4163 1274 4211 sententia
1292 4162 1406 4225 ipsa
1426 4160 1647 4227 flagitat.
1718 4161 1923 4209 Deinde
1958 4173 2047 4221 per
2079 4160 2420 4223 repetendum
2443 4170 2524 4210 est

327 4234 449 4277 ante
468 4228 681 4292 genium,
701 4234 761 4279 ut
782 4228 1052 4293 :equalitas
1073 4232 1294 4279 constet.
1330 4227 1478 4281 Bent-
1552 4227 1691 4285 Quod
1727 4240 1814 4288 ego
1844 4238 1932 4288 per
1963 4225 2082 4276 lum
2117 4230 2166 4276 te
2195 4227 2442 4278 dexteram
2474 4231 2522 4277 et
