3050 4942
523 363 658 429 244
1170 373 1583 458 -mcannus
1633 370 2060 454 usurpatus

526 530 775 583 excusat
804 513 1071 592 Maurus,
1118 518 1235 580 hoc
1278 526 1410 578 est:
1452 514 1618 596 quod
1659 515 1719 576 in
1770 513 2013 575 sedibus
2062 512 2326 592 paribus,
2357 511 2624 572 secunda
2666 522 2728 573 et

528 630 737 700 quarta
765 622 998 697 (nempe
1025 626 1272 694 uterque
1297 633 1401 694 per
1445 612 1745 692 dipodiam
1791 610 2102 696 iambicam
2153 607 2486 669 dimetitur:
2529 608 2589 666 in
2634 628 2727 672 ra-

524 717 685 775 tione
714 727 918 773 nostra
963 723 1134 772 erunt
1178 709 1373 790 prima
1416 719 1478 768 et
1521 707 1719 779 tertia,
1769 707 1955 786 pedes
1999 706 2227 770 scilicet
2269 704 2726 772 ditrochaeorum

523 812 773 891 priores)
801 828 920 869 non
949 808 1238 869 volubiles
1281 805 1465 885 pedes
1509 804 1768 866 iambum
1814 814 1920 864 aut
1960 803 2323 882 tribrachyn,
2366 821 2441 861 ex
2466 801 2726 881 rhythmi

522 907 657 985 lege
711 926 782 966 ac
839 904 1187 965 Graecorum
1242 902 1551 981 exemplo:
1612 899 1720 961 sed
1774 899 1977 960 tardos
2033 897 2355 979 spondoeos
2411 897 2533 957 sive
2574 896 2727 957 alios

523 1003 612 1062 eis
656 1006 982 1083 ἶσοχρόνους
1020 999 1341 1061 intulerint.
1424 1000 1639 1057 Totum
1681 996 1818 1070 hoc,
1862 1015 1984 1056 uno
2028 994 2319 1075 exemplo,
2367 1003 2429 1053 et
2457 1012 2638 1053 sensu
2668 1002 2730 1052 et

523 1100 805 1159 memoria
832 1099 1006 1158 facile
1036 1097 1282 1157 tenebis.
1365 1095 1565 1155 Graeci
1595 1094 1671 1155 ad
1700 1094 1855 1155 hanc
1883 1095 2129 1154 formam
2157 1092 2218 1151 in
2238 1091 2503 1152 iambicis
2528 1111 2544 1150 ε

844 1195 920 1254 Vi
947 1192 1317 1255 commodavi
1352 1191 1365 1274 Ι
1399 1191 1797 1262 commodavi,
1824 1189 2157 1252 commoda.

426 1345 436 1354 .
523 1288 715 1351 Latini
744 1289 820 1349 ad
851 1289 1047 1363 istam,
1076 1308 1195 1349 non
1225 1308 1476 1367 semper,
1505 1288 1615 1348 sed
1641 1289 2128 1367 quotiescumque
2150 1286 2411 1347 vellent:

846 1386 935 1446 Vi.
948 1383 1354 1446 commendavi
1391 1384 1404 1465 Ι
1436 1382 1844 1444 commendavi
1877 1379 1890 1463 Ι
1924 1381 2254 1444 commoda.

522 1481 731 1557 Vides,
757 1483 995 1557 menda,
1022 1482 1375 1565 spondaeum
1404 1481 1493 1540 bis
1519 1481 1778 1562 positum
1806 1498 1913 1559 pro
1954 1479 2170 1552 iambo,
2221 1480 2439 1542 moda:
2488 1492 2721 1561 postre-

521 1600 680 1639 mam
708 1580 911 1642 sedem
936 1580 1156 1642 violare
1200 1597 1506 1659 nunquam
1558 1590 1697 1638 sunt
1742 1577 1891 1639 ausi.
1975 1576 2141 1637 Idem
2189 1586 2252 1637 et
2300 1577 2362 1636 in
2404 1576 2725 1637 trochaicis

520 1676 788 1737 obtinet:

652 1788 862 1840 Graeciz
929 1790 1264 1841 commodavi
1322 1789 1334 1855 Ι
1362 1790 1685 1841 commodavi
1744 1788 1756 1856 Ι
1782 1788 2104 1841 commodavi
2170 1785 2181 1854 Ι
2209 1786 2494 1838 commoda.

653 1870 858 1920 Latini:
927 1871 1296 1922 commendavi
1321 1871 1334 1938 Ι
1361 1871 1716 1923 commendavi
1746 1870 1758 1938 Ι
1786 1869 2134 1922 commendavi
2163 1868 2174 1934 Ι
2203 1867 2489 1919 commoda.

525 1967 596 2026 In
622 1966 715 2026 his
745 1967 1017 2047 pedibus,
1044 1981 1296 2051 excepto
1344 1969 1575 2042 ultimo,
1618 1988 1726 2049 pro
1766 1968 2043 2030 brevibus
2090 1966 2288 2044 longas
2338 1964 2587 2044 syllabae
2630 1985 2726 2025 as-

523 2074 875 2133 sumuntur:
919 2064 1082 2143 quod
1129 2075 1349 2139 tamen,
1394 2065 1624 2145 opinor,
1666 2064 1842 2125 celeri
1890 2061 2366 2144 pronuntiatione
2385 2062 2638 2141 juvabat
2662 2073 2723 2125 et

521 2159 865 2221 occultabat
892 2172 1075 2233 actor,
1115 2180 1192 2220 ne
1236 2161 1365 2241 ipse
1412 2180 1450 2221 a
1493 2161 1733 2222 tibicine
1778 2160 2115 2241 rhythmum
2146 2158 2423 2220 Graecum
2451 2170 2723 2219 servante

522 2254 907 2335 discreparet.

606 2351 786 2420 Quod
816 2351 894 2411 ad
921 2350 1141 2413 crimen
1186 2365 1383 2415 autem
1425 2355 1543 2415 boc
1586 2354 1836 2428 attinet3
1878 2353 2117 2434 tragicis
2159 2352 2395 2433 quidem
2425 2352 2725 2411 veteribus

522 2449 712 2509 minor
738 2458 831 2509 est
857 2451 1180 2523 excusatiO,
1209 2470 1314 2510 cur
1359 2470 1479 2511 non
1532 2451 1609 2511 ad
1661 2451 1802 2511 artis
1842 2450 2079 2530 regulas
2102 2469 2307 2509 versus
2337 2467 2479 2507 suos
2509 2467 2723 2526 exege-

521 2544 678 2615 rint3
728 2566 884 2619 cum,
925 2558 1052 2607 toto
1095 2546 1249 2627 stylo
1277 2557 1338 2607 et
1364 2547 1561 2608 colore
1591 2547 1948 2608 a'communi
1976 2564 2245 2606 sermone
2276 2543 2540 2617 discreti,
2569 2562 2724 2603 nova

520 2646 702 2704 verba
750 2664 820 2704 ac
869 2644 1305 2725 sesquipedalia
1351 2664 1458 2725 pro
1503 2645 1690 2705 lubito
1733 2641 2026 2703 finxerint.
2112 2641 2445 2719 Fugiebant
2494 2640 2723 2700 scilicet

520 2738 680 2800 limae
709 2741 1003 2810 laboremz
1047 2742 1193 2803 certi
1236 2760 1300 2802 se
1347 2741 1409 2799 in
1456 2760 1518 2801 re
1563 2749 1701 2799 ante
1751 2740 2055 2819 inexperta
2094 2747 2158 2797 et
2197 2735 2356 2815 apud
2385 2755 2558 2795 aures
2599 2747 2724 2796 tum

522 2835 798 2899 indoctas
826 2837 1057 2897 veniam
1084 2839 1517 2916 impetraturos.
1603 2836 1821 2897 Melius
1848 2855 1988 2896 vero
2027 2853 2098 2896 ac
2144 2833 2345 2893 mitius
2373 2832 2449 2892 de
2478 2832 2721 2892 comicis

523 2942 618 2992 est
645 2934 1041 2993 sentiendum.
1125 2934 1399 2994 Profecto
1423 2934 1735 2995 Terentius
1762 2941 1985 3012 noster,
2027 2931 2077 2992 si
2118 2930 2430 3010 quisquam
2457 2929 2629 3000 alius,
2660 2929 2719 2988 in

525 3030 667 3088 artis
696 3030 859 3108 leges
888 3041 1012 3089 arte
1059 3030 1368 3108 peccavitz
1413 3029 1637 3103 studio,
1684 3049 1806 3090 non
1842 3029 2212 3110 ignorantia:
2244 3028 2599 3089 necessitate
2623 3026 2723 3087 .vel

525 3125 735 3185 saltem
764 3126 1180 3187 commoditate
1226 3125 1543 3196 inductus;
1585 3139 1668 3200 et,
1713 3128 2145 3207 qualecumque
2188 3124 2336 3185 illud
2367 3125 2565 3185 delicti
2607 3133 2723 3196 est,

521 3221 754 3300 magnis
782 3222 1092 3284 virtutibus
1119 3220 1512 3285 redemturus.
1594 3226 1800 3285 Sermo
1841 3225 1997 3287 enim
2036 3242 2108 3285 ea
2154 3221 2229 3284 de
2269 3242 2453 3283 causa
2479 3221 2722 3302 propius

524 3317 686 3395 apud
735 3317 1020 3380 Nostrum
1064 3319 1140 3381 ad
1185 3322 1679 3384 consuetudinem
1727 3320 1980 3393 accedit,
2033 3337 2210 3400 quam
2259 3318 2418 3398 apud
2465 3317 2726 3378 Menan-

525 3413 731 3473 drum:
776 3415 961 3476 oratio
990 3415 1149 3496 apud
1175 3438 1359 3479 unum
1387 3418 1463 3480 de
1501 3420 1697 3481 medio
1727 3428 1922 3479 sumta
1948 3418 2142 3499 deque
2169 3418 2290 3477 vita
2313 3414 2722 3475 honestiorum

523 3508 777 3579 civium:
820 3531 1022 3573 versus
1051 3515 1285 3576 minime
1321 3517 1473 3591 cavi,
1518 3516 1625 3578 sed
1656 3517 1847 3576 verbis
1877 3515 2267 3594 sensibusque
2296 3512 2513 3591 spissi:
2556 3511 2722 3590 apud

487 3607 493 3612 ’
523 3604 793 3679 alterum,
824 3606 964 3668 dum
994 3620 1180 3671 metro
1210 3612 1425 3672 servire
1474 3622 1721 3673 coactus
1770 3620 1884 3684 est,
1934 3611 2125 3692 stylus
2174 3607 2355 3690 paulo
2401 3607 2628 3679 elatior,
2657 3616 2720 3667 et

524 3704 834 3764 sententiae
885 3704 1209 3769 dilutiores.
1292 3708 1466 3769 Adde
1513 3709 1654 3783 huc,
1704 3717 2103 3770 consonantes
2153 3706 2212 3766 in
2260 3704 2465 3785 lingua
2506 3704 2720 3766 Latina

522 3816 630 3876 pro
674 3800 964 3860 vocalium
1002 3823 1245 3864 numero
1290 3802 1717 3882 frequentiores
1761 3823 1914 3878 esse,
1955 3821 2135 3882 quam
2177 3802 2239 3860 in
2284 3801 2521 3863 Attica:
2561 3801 2719 3861 adde

524 3897 723 3955 omnia
769 3898 927 3975 apud
973 3900 1214 3960 Latinos
1261 3902 1575 3972 vocabula,
1623 3900 2047 3982 monosyllabis
2100 3900 2394 3960 duntaxat
2432 3898 2718 3976 exceptis,

524 4009 657 4049 esse
685 3992 1009 4070 barytona3
1054 3993 1128 4052 de
1169 4014 1288 4073 qua
1329 4016 1390 4055 re
1418 4015 1557 4054 mox
1585 3996 1758 4073 plura
1784 3996 2014 4064 dicam:
2060 4006 2121 4057 et
2146 3996 2319 4056 facile
2346 3993 2717 4074 pronunties,

523 4083 759 4143 minoris
788 4105 922 4146 esse
949 4104 1144 4167 operae
1173 4099 1350 4168 atque
1376 4090 1540 4161 artis,
1569 4090 1649 4151 ad
1679 4091 1991 4153 Menandri
2030 4111 2299 4153 normam
2330 4092 2545 4151 Graece
2575 4089 2714 4150 scri·

522 4178 683 4250 bere,
711 4199 889 4258 quam
920 4182 1124 4244 Latine
1154 4184 1230 4244 ad
1253 4184 1532 4246 Terentii.
1575 4259 1588 4267 θ
