3050 4942
557 415 645 480 70
1390 426 1489 476 Du
1536 427 1636 475 'ru
1651 426 1920 475 ssA'rno.

561 572 711 653 cycli
739 570 1015 652 speciem,
1062 570 1137 630 ad
1181 571 1540 650 spectandos
1568 570 1785 632 ludos:
1830 571 2175 652 spectacula
2206 571 2408 633 Latine
2437 590 2756 653 possumus

561 670 777 729 dicere.
861 668 1013 729 Cum
1040 667 1227 727 forum
1257 667 1588 729 institutum
1616 669 1810 743 fuerit,
1836 668 2054 748 (inquit
2081 669 2410 747 Vitruvius)
2436 682 2563 730 tum
2596 672 2759 732 Deo-

562 786 688 826 rum
720 765 1133 825 immortalium
1165 765 1372 825 diebus
1402 765 1589 838 festis,
1632 765 1906 826 ludorum
1933 766 2422 845 spectationibuS,
2447 767 2760 848 eligendus

564 873 656 937 est
698 863 868 923 locus
913 863 1168 927 Theatro
1211 883 1388 942 quam
1437 862 1874 922 saluberrimus·
1962 864 2224 925 Fuerunt
2268 874 2462 923 autem
2505 865 2766 926 Theatra

565 960 814 1021 duorum
845 980 1156 1041 generum:
1189 960 1307 1019 alia
1334 959 1532 1039 lignea
1558 969 1618 1019 et
1642 960 1905 1038 pluribus
1935 960 2416 1021 tabellationibus
2443 973 2766 1036 exstructa,

567 1058 764 1136 qualia
793 1057 975 1117 Ludis
1004 1059 1253 1138 publicis
1282 1058 1598 1136 quotannis
1627 1058 1849 1117 fiebant
1894 1058 2123 1130 Romae,
2169 1068 2347 1137 atque
2386 1079 2456 1119 ea
2485 1061 2768 1139 perennia

567 1175 688 1221 non
718 1156 994 1216 fuerunt:
1041 1156 1154 1216 alia
1183 1167 1490 1216 sumtuosa
1520 1166 1581 1216 et
1609 1155 1849 1226 nobilia,
1897 1176 1969 1215 ex
1999 1155 2204 1215 solidis
2234 1158 2430 1229 rebus,
2459 1157 2518 1217 id
2545 1166 2663 1229 est,
2692 1177 2767 1217 ex

568 1262 866 1325 structura
912 1266 1355 1325 caementorum,
1403 1254 1600 1333 lapide
1631 1267 1734 1313 aut
1762 1273 2048 1314 marmore
2075 1254 2422 1327 constituta,
2467 1253 2648 1333 quale
2676 1265 2772 1314 est

570 1348 731 1427 quod
759 1351 1090 1413 construxit
1117 1348 1209 1410 Μ.
1236 1351 1498 1411 Scaurus
1520 1352 1586 1410 in
1613 1351 1893 1411 aedilitate
1917 1370 2046 1422 sua,
2069 1342 2205 1413 item
2229 1352 2406 1434 etiam
2430 1350 2770 1431 Pompeius,

571 1456 633 1509 et
673 1447 772 1507 alii
818 1448 1108 1531 permulti.
1197 1449 1289 1509 Ita
1336 1458 1528 1507 autem
1579 1449 1972 1527 compositum
1998 1448 2109 1508 fuit
2137 1444 2770 1528 antiquis-Theatrum,

573 1554 640 1619 ut
667 1563 739 1604 eo
767 1544 1149 1619 conveniens,
1194 1558 1258 1605 et
1305 1546 1614 1606 ‘commode
1655 1546 1872 1606 sedens
1919 1548 2110 1617 turba,
2164 1566 2196 1606 e
2240 1547 2568 1627 longinquo
2597 1548 2773 1608 facile

575 1654 841 1720 spectare
869 1655 1092 1723 posset,
1143 1664 1406 1703 concavo
1456 1644 1789 1723 aequalique
1834 1645 2123 1723 parietum
2154 1645 2554 1726 circumjectu,
2583 1656 2653 1705 ut
2680 1645 2775 1703 vel

573 1738 694 1800 leni
725 1760 871 1801 sono
900 1742 1058 1802 dicta
1087 1744 1260 1803 verba
1291 1743 1365 1801 ad
1396 1743 1644 1801 alterum
1672 1743 1912 1802 Theatri
1959 1754 2138 1823 caput
2182 1743 2416 1803 facilius
2461 1744 2770 1802 ferrentur.

577 1837 800 1899 Postea
839 1859 977 1899 vero
1024 1841 1419 1919 excogitatum
1463 1852 1557 1902 est
1598 1841 1914 1903 Theatrum
1960 1842 2020 1900 iu
2050 1841 2366 1901 rotundam
2394 1841 2643 1900 sormam
2671 1860 2774 1900 ex·

577 1945 887 2011 structum,
909 1938 1025 1996 alio
1050 1938 1234 1996 multo
1257 1938 1642 1998 excellentius
1661 1949 1838 2017 atque
1859 1939 2159 2018 capacius,
2182 1939 2499 2018 magisque
2514 1946 2780 1997 sumtuo-

580 2052 747 2092 sum:
777 2033 938 2111 quod
966 2035 1102 2113 quia
1131 2035 1310 2094 veluti
1341 2056 1414 2094 ex
1445 2037 1676 2095 duobus
1704 2047 2004 2095 constaret
2025 2037 2318 2107 Theatris,
2341 2035 2776 2115 rotundamque

582 2130 852 2208 figuram,
895 2149 1014 2189 nou
1047 2131 1171 2208 jam
1201 2132 1452 2211 amplius
1482 2132 1870 2210 hemicyclum
1899 2134 2157 2205 referret,
2196 2134 2272 2194 ob
2300 2132 2360 2191 id
2391 2132 2780 2211 Amphithea-

581 2236 734 2291 trum
763 2227 984 2287 dictum
1013 2237 1126 2297 est,
1167 2230 1342 2306 quale
1371 2239 1483 2300 est,
1525 2229 1689 2307 quod
1714 2230 1890 2289 hodie
1922 2230 2129 2289 Romae
2159 2229 2408 2300 videtur,
2452 2228 2778 2308 aliquando

586 2323 662 2381 ab
691 2323 991 2402 Antonino
1020 2324 1127 2383 Pio
1157 2325 1535 2398 aedificatum,
1571 2338 1631 2384 et
1668 2346 1702 2385 a
1732 2326 1946 2386 Gothis
1987 2327 2382 2399 devastatum,
2405 2325 2783 2402 (Collisaeum

586 2420 802 2497 vulgus
831 2424 1050 2494 vocat‚)
1093 2421 1251 2499 quod
1287 2421 1657 2499 potissimum
1703 2422 1779 2482 ad
1820 2423 1935 2482 alia
1980 2424 2323 2502 spectacula
2348 2423 2527 2502 vulgo
2567 2442 2787 2503 propo-

588 2516 788 2577 nenda
814 2519 1035 2579 factum
1065 2530 1243 2598 atque
1273 2519 1575 2579 inventurn
1605 2520 1749 2580 suit:
1796 2540 1928 2579 nam
1979 2521 2060 2578 ad
2100 2521 2381 2581 Scenicos
2423 2519 2619 2579 Ludos
2648 2540 2788 2600 pro-

592 2612 948 2693 spiciendos,
996 2617 1185 2696 magis
1215 2617 1490 2676 idoneum
1519 2628 1652 2677 erat
1676 2619 2033 2678 Theatrum:
2080 2621 2155 2677 ob
2185 2638 2333 2697 quos
2371 2618 2667 2701 praecipue
2698 2618 2791 2677 iu-

593 2723 827 2775 ventum
857 2712 1036 2774 fuisse
1064 2716 1338 2775 credibile
1382 2729 1490 2777 est.
1578 2717 1752 2776 Unde
1791 2717 1960 2777 facile
2004 2716 2376 2795 conjecerim,
2425 2715 2794 2788 Terentium,

594 2830 712 2889 quo
740 2821 1000 2890 tempore
1030 2814 1278 2892 primum
1307 2814 1613 2893 proposuit
1640 2833 1805 2873 suam
1848 2813 2161 2893 Hecyram,
2209 2813 2403 2891 egisse
2450 2811 2507 2871 in
2537 2812 2792 2892 Amphi-

592 2909 858 2971 theatro:
903 2930 1084 2969 scena
1111 2931 1213 2989 per
1240 2911 1492 2971 medium
1521 2911 1709 2988 ipsius
1738 2919 2057 2979 exstructa,
2108 2919 2168 2969 et
2211 2909 2287 2968 ad
2332 2930 2514 2968 unum
2554 2919 2790 2968 tantum

506 3064 511 3068 .
594 3005 985 3085 hemicyclum
1015 3016 1319 3085 spectante
1344 3027 1357 3065 ε
1414 3026 1547 3064 nam
1578 3008 1664 3069 ab·
1680 3015 1932 3084 utroque
1961 2997 2387 3083 Amphitheatri
2418 3004 2792 3064 semicirculo

596 3104 850 3181 spectari
887 3122 1005 3161 non
1051 3114 1324 3182 poterant
1352 3103 1717 3162 Comoediae:
1759 3121 1879 3180 quo
1923 3102 2164 3171 factum,
2213 3112 2298 3174 ut,
2345 3101 2486 3159 dum
2535 3101 2593 3159 in
2628 3101 2793 3161 aliud

596 3197 752 3259 latus
782 3218 1052 3270 vacuum,
1099 3201 1216 3260 alia
1257 3200 1597 3279 spectacula
1624 3199 1935 3259 confestim
1961 3209 2447 3278 proponerentur,
2476 3195 2656 3256 veluti
2686 3217 2800 3276 pu-

596 3293 768 3373 gilum,
815 3296 1159 3368 funambuli,
1204 3308 1264 3356 et
1308 3295 1645 3375 hujusmodi
1694 3305 1928 3362 cetera;
1980 3294 2234 3374 populus
2282 3305 2417 3352 ante
2463 3292 2801 3353 absolutam

603 3392 968 3473 Comoediam
1024 3392 1165 3453 illuc
1218 3394 1595 3464 concurrerit,
1650 3392 1728 3453 ad
1782 3393 1915 3451 loca
1968 3390 2367 3450 commodiora
2423 3390 2803 3468 occupanda,

602 3489 1098 3567 quemadmodum
1144 3492 1269 3569 ipse
1308 3491 1495 3549 Po'eta
1523 3490 1923 3567 conqueritur,
1966 3507 2155 3567 neque
2204 3497 2439 3567 propter
2468 3487 2801 3566 strepitum,

604 3597 664 3646 et
685 3586 987 3647 mulierum
1012 3588 1238 3646 deloco
1266 3588 1656 3667 pugnantium
1680 3587 2012 3658 clamorem,
2033 3586 2257 3646 absolvi
2287 3584 2559 3665 potuerit.
2619 3585 2800 3653 Quod

605 3703 679 3746 ne
709 3685 1003 3746 accideret
1027 3686 1086 3744 in
1119 3685 1365 3764 publicis
1392 3685 1594 3757 Ludis,
1616 3685 1888 3745 existimo
1915 3684 2286 3764 potissimum
2309 3682 2564 3743 movisse
2590 3682 2805 3742 Caium

608 3782 945 3854 Curionem,
988 3783 1090 3861 qui
1120 3781 1275 3843 bello
1304 3782 1455 3842 civili
1484 3783 1543 3842 in
1574 3782 1931 3843 Caesarianis
1962 3781 2221 3860 partibus
2251 3780 2412 3851 obiit,
2450 3790 2517 3838 ut
2543 3779 2808 3839 Theatra

607 3878 728 3938 duo
775 3879 994 3958 lignea,
1043 3901 1230 3961 eaque
1274 3879 1636 3960 amplissima
1679 3878 2061 3956 excogitaret,
2107 3875 2166 3935 in
2216 3877 2428 3955 quibus
2456 3875 2636 3934 etiam
2664 3874 2806 3934 duae

608 3987 811 4034 essent
840 3996 1054 4048 scenae,
1101 3990 1335 4057 propter
1379 3986 1774 4056 spectatorum
1804 3973 2303 4034 commoditatem.
2390 3971 2577 4031 Erant
2605 3983 2804 4030 autem

605 4073 792 4150 (quod
822 4074 1029 4133 mirum
1059 4075 1193 4149 fuit)
1234 4074 1540 4141 cardinum
1593 4074 1976 4155 singulorum
2000 4069 2259 4135 versatili
2306 4088 2597 4148 suspensa
2627 4069 2810 4130 libra·

608 4180 830 4243 mento,
873 4171 1062 4257 inquit
1105 4171 1356 4244 Plinius,
1398 4192 1430 4230 e
1475 4170 1689 4250 quibus
1726 4170 2008 4253 utrisque
2016 4166 2477 4228 antemeridiano
2506 4164 2809 4226 Ludorum

612 4269 955 4350 spectaculo
985 4268 1146 4331 edito
1172 4267 1323 4331 inter
1352 4289 1416 4328 se
1446 4267 1666 4331 aversis
1711 4272 1820 4353 (ne.
1857 4267 2106 4331 invicem
2141 4250 2555 4344 obstreperent
2583 4263 2812 4338 scenae)
