3050 4942
545 329 687 395 :116
769 419 780 430 „
988 345 1179 396 ιοοΑ
1226 344 1636 394 Mmunnm
1687 344 1780 393 m·
1835 343 2305 394 Aronnonom

555 489 648 549 Tot
672 500 782 549 τῶν
808 493 988 556 φίλων
1011 491 1163 562 κοιν’,
1190 491 1255 549 οὔ
1279 491 1457 569 μόνον
1482 492 1555 549 rd
1581 492 1865 569 χρὴματα,

554 586 676 645 Καὶ
707 593 804 644 νοῦ
828 584 890 645 δὲ
917 589 1005 644 καὶ
1035 593 1346 667 φρονήσεως
1374 590 1658 646 κοινωνία.

557 682 907 742 Communia
934 681 1154 742 amicos
1181 681 1351 753 inter,
1380 700 1497 741 non
1525 681 1792 760 pecuniae

554 779 829 848 Tantum,
858 776 963 838 sed
990 786 1051 837 et
1077 796 1243 838 mens
1274 775 1489 856 pariter
1514 785 1575 836 et
1599 776 1932 857 prudentia.

1406 924 1541 985 Act.
1567 945 1629 985 v.
1661 925 1760 986 Sc.
1785 943 1883 985 ιν.

554 1053 572 1081 ‘
599 1046 760 1106 Duxi
787 1050 1067 1106 uxorem.’
1127 1046 1264 1106 Huc
1292 1056 1520 1127 spectat
1546 1046 1695 1106 illud
1724 1046 2036 1106 Menandri
2073 1044 2232 1126 apud
2262 1045 2598 1105 Stobaeum:

552 1143 634 1201 Τό
664 1146 879 1219 γυναῖκ’
907 1144 1086 1223 ἔχειν,
1114 1140 1265 1203 εἶναι’
1288 1168 1351 1204 re
1375 1142 1617 1215 παίδων,
1644 1142 1986 1223 Παρμένων,

552 1238 810 1316 Πατέρα,
839 1246 1107 1318 μερίμνας
1134 1244 1209 1319 τᾷ
1245 1238 1355 1321 βίω
1373 1241 1596 1299 ’πολλὰς
1622 1243 1797 1319 φέρει.

554 1334 810 1395 Uxorem
836 1333 1072 1408 habere,
1099 1335 1434 1409 liberorum,
1463 1336 1776 1408 Parmeno,

551 1431 787 1491 Patrem
817 1451 969 1506 esse,
998 1452 1167 1494 curas
1195 1433 1409 1494 multas
1437 1434 1497 1495 in
1526 1435 1703 1493 vitam
1729 1431 1970 1492 invehit.

633 1528 747 1589 Et:

549 1628 632 1688 Τὸ
660 1630 932 1703 ’γενέσθαι
958 1635 1173 1705 πατέρα
1199 1626 1435 1698 παίδων,
1463 1625 1539 1716 ἧι(
1560 1627 1731 1698 λύπη,
1758 1622 1951 1707 φόβος,
1977 1631 2216 1706 φροντίς.

548 1726 887 1786 Liberorum
915 1735 1138 1804 patrem
1167 1745 1300 1785 esse
1328 1725 1573 1797 sactum,
1611 1742 1820 1784 moeror
1843 1722 1975 1796 fuit,
2002 1720 2273 1795 formido,
2293 1730 2355 1780 et
2381 1719 2673 1779 anxietas,

1230 1881 1541 1941 anrnA.
1580 1874 1720 1940 Act.
1744 1898 1822 1939 11.
1867 1880 1967 1940 80.
2000 1898 2047 1937 1.

549 2010 567 2037 ⁴
592 2003 800 2082 Neque
832 2001 1188 2062 declinatam
1216 2003 1532 2083 quicquam
1575 2003 1649 2063 ab
1677 2002 1920 2064 aliarum
1961 2000 2200 2080 ingenio
2227 1999 2409 2061 ullam
2436 1998 2744 2079 reperias.⁹

632 2097 1002 2158 Menander:

545 2193 699 2267 Γυνὴ
725 2193 988 2269 γυναικὸς
1012 2196 1216 2252 πώποτ’
1241 2192 1408 2253 οὒδὲν
1434 2190 1703 2273 διαφέρει.

544 2291 600 2350 Α
628 2289 865 2350 foemina
890 2288 973 2349 nil
1001 2288 1242 2349 foemina
1265 2308 1527 2367 unquam
1556 2288 1870 2370 discrepat.

546 2394 564 2422 ‘
585 2384 974 2448 Postmodum
1001 2385 1326 2444 rescisces?
1368 2383 1737 2444 Menander:

545 2483 719 2542 Ταῦθ’
746 2485 977 2560 ὕστερον
1003 2479 1205 2556 λάβοις
1229 2481 1306 2539 ἂν
1325 2484 1713 2560 ἡμαρτημένα.

546 2579 835 2649 Quaenam
867 2580 988 2639 sint
1007 2578 1340 2651 commissa,
1368 2577 1500 2639 haee
1527 2587 1592 2636 tu
1621 2578 1998 2657 postmodum
2021 2578 2326 2639 rescisces.

1358 2732 1492 2791 Act.
1519 2750 1632 2792 111.
1675 2732 1775 2791 80.
1806 2750 1916 2791 111.

544 2853 562 2880 ⁴
587 2846 877 2905 Omnibus
905 2844 1075 2904 nobis
1104 2854 1173 2905 ut
1196 2863 1289 2905 res
1319 2844 1468 2905 dant
1496 2863 1648 2918 sese,
1676 2845 1761 2904 ita
1785 2844 1985 2924 magni
2014 2853 2191 2923 atque
2218 2838 2469 2905 humiles
2492 2849 2739 2908 sumus?

619 2940 1049 3021 Apollodorus:

539 3039 734 3100 Οὕτως
758 3039 987 3097 ἕκαστος
1013 3034 1111 3094 διά
1136 3040 1211 3095 τά
1240 3037 1548 3115 πράγματα
1577 3037 1776 3117 σεμνὸς
1803 3036 1875 3109 ἦν
1901 3041 1993 3097 καὶ
2015 3045 2296 3098 ταπεινός.

539 3137 636 3196 Ita
664 3132 932 3213 quisque,
958 3141 1027 3190 ut
1053 3150 1147 3191 res
1177 3130 1326 3191 dant
1353 3151 1505 3204 sese,
1528 3142 1600 3198 et,
1617 3134 1810 3214 gravis
1834 3144 1895 3193 et
1917 3134 2154 3194 humilis
2181 3153 2313 3194 esse
2342 3132 2517 3195 solet.

1375 3304 1510 3361 Act.
1536 3322 1647 3362 111.
1691 3303 1790 3364 80.
1815 3322 1880 3363 v.

542 3417 559 3442 ‘
586 3408 827 3469 Salvum
859 3420 1035 3491 atque
1065 3411 1360 3473 validum:
1401 3412 1731 3474 Menander
1755 3432 1771 3473 ε

535 3504 897 3585 Εὗτνχοῦντα
925 3510 1016 3566 καὶ
1043 3513 1421 3589 σεσωσμένον.

540 3600 589 3659 F
591 3612 926 3662 ortunatum
967 3603 1335 3683 salvumque.

1368 3734 1503 3793 Aet.
1535 3752 1629 3792 lv.
1660 3734 1760 3794 Sc.
1792 3753 1870 3795 11.

540 3849 557 3876 ⁸
583 3843 664 3901 Ut
709 3862 786 3902 ne
813 3844 909 3903 cui
952 3864 1099 3903 meoe
1145 3832 1548 3923 longinquitas
1593 3847 1787 3905 oetatis
1831 3848 2047 3920 obstet,
2083 3857 2402 3910 mortemve
2448 3854 2730 3928 expectet

616 3941 850 3997 meam.’
888 3939 1236 4001 Menander.

539 4034 753 4111 Πικρόν
780 4036 901 4093 ἐστι
927 4039 1158 4115 θρέμμᾱ
1177 4043 1361 4115 γέρων
1390 4039 1454 4096 ἐν
1480 4040 1629 4114 οἷκίᾳ
1654 4042 1860 4115 μένων.

541 4128 956 4189 Amarulentus
986 4140 1079 4191 est
1106 4132 1380 4193 alumnus
1410 4151 1592 4193 senex
1619 4132 1779 4193 domi
1803 4149 2069 4193 manens.
