3050 4942
520 397 652 466 520
1264 413 1327 458 r.
1372 410 1735 459 reanum
1786 410 1960 460 Arm

519 554 634 621 An
661 553 734 619 in
766 551 942 619 Astu
963 551 1198 619 venit'i
1239 553 1431 618 aliud
1462 573 1555 618 ex
1587 554 1725 619 alio
1755 553 2021 618 malum.

521 658 655 725 ΡΑ.
701 655 909 734 Here,
938 675 1023 720 ne
1051 674 1157 721 me
1182 661 1488 738 spectes:
1531 675 1638 720 me
1665 655 2028 740 impulsore
2057 655 2204 721 haec
2232 674 2365 721 non
2389 657 2573 722 facit.

519 761 654 824 LA.
699 758 952 824 Omitte
980 757 1063 822 de
1092 763 1160 824 te
1191 758 1450 823 dicere:
1495 778 1621 841 ego
1652 764 1744 836 te,
1774 756 2065 848 furcifer,

520 862 597 927 Si
626 861 823 929 vivo!
865 860 992 927 sed
1018 862 1214 940 istuc,
1249 861 1569 945 quicquid
1597 867 1726 938 est,
1755 860 2046 945 primum
2072 861 2341 944 expedi.

519 964 654 1028 ΡΑ.
699 963 774 1028 Is
802 981 926 1046 pro
954 962 1075 1028 illo
1103 961 1428 1027 Eunucho
1460 961 1551 1026 ad
1575 960 1904 1026 Thaidem
1933 961 2261 1027 deductus
2291 969 2417 1027 est.

519 1066 654 1131 LA.
701 1065 837 1132 Pro
861 1062 1286 1132 Eunuchon’!
1349 1064 1487 1130 ΡΑ.
1519 1063 1634 1129 Sic
1653 1071 1793 1130 est:
1839 1063 2013 1129 hunc
2036 1084 2159 1148 pro
2182 1064 2445 1130 moecho
2464 1070 2714 1148 postea

519 1167 1090 1253 Comprehendere
1118 1168 1321 1244 intus»,
1354 1170 1423 1231 et
1448 1167 1928 1232 constrinxere.
2018 1165 2150 1230 LA.
2195 1164 2459 1254 Occidi.

518 1273 655 1337 ΡΑ.
701 1270 1075 1338 Audaciam
1102 1270 1517 1336 meretricum
1545 1274 1811 1353 specta.
1896 1268 2028 1331 LA.
2076 1267 2422 1351 Numquid
2451 1275 2554 1334 est

517 1373 724 1439 Aliud
753 1373 913 1439 mali
939 1372 1268 1452 damnive,
1300 1371 1482 1456 quod
1511 1392 1648 1437 non
1677 1371 1958 1449 dixeriS,

2621 857 2712 924 20

2628 1373 2716 1437 25

515 1594 596 1644 An
616 1596 670 1644 in
690 1600 799 1645 astu
819 1594 895 1672 (in
917 1594 1102 1659 urbem)
1122 1611 1184 1645 ex
1206 1595 1390 1644 Piroeeo
1417 1594 1582 1643 venit?
1613 1593 1761 1644 Aliud
1780 1609 1841 1643 ex
1873 1594 1967 1642 olio
1996 1594 2171 1642 molam
2189 1592 2359 1642 oritur.
2424 1589 2527 1642 ΡΑ.
2560 1591 2716 1654 Here,

516 1674 575 1707 ne
594 1674 667 1708 me
687 1661 942 1710 minambus
959 1662 1104 1712 oculis
1124 1660 1354 1709 intuearis
1369 1676 1389 1717 ‚-
1412 1675 1502 1707 nou
1519 1674 1606 1719 ego
1626 1674 1731 1708 eum
1749 1661 1813 1707 ad
1832 1658 2201 1718 hocsaciendum
2220 1657 2402 1723 ἰηφιιῑί.
2468 1658 2566 1707 LA.
2606 1659 2719 1707 De·

400 1719 414 1732 '
512 1724 616 1774 sine
637 1726 695 1774 de
715 1730 762 1773 te
781 1727 921 1774 verba
944 1727 1117 1785 facere
1137 1742 1156 1782 ,·
1187 1740 1274 1786 ego
1294 1730 1357 1785 te,
1379 1723 1604 1800 furcifer,
1638 1724 1683 1772 si
1713 1723 1861 1772 vitam
1885 1723 1979 1772 Dii
2009 1728 2276 1786 prorogent,
2306 1723 2427 1772 male
2463 1722 2676 1771 mulcabo
2697 1738 2716 1770 .-

512 1791 595 1836 sed
614 1789 760 1851 istud,
781 1807 810 1853 q
1065 1804 1091 1839 e
1127 1796 1214 1852 est,
1243 1789 1408 1851 paucis
1437 1789 1592 1838 verbu
1622 1803 1811 1837 enarra.
1879 1788 1984 1837 ΡΑ.
2017 1788 2072 1837 Is
2101 1786 2353 1852 (Choerea)
2369 1802 2455 1852 pro
2479 1787 2713 1836 Eun-nom

516 1854 686 1902 Thaidi
721 1857 927 1904 traditus
961 1860 1050 1903 est.
1117 1855 1214 1903 LA.
1250 1853 1331 1901 An
1364 1869 1451 1915 pro
1501 1854 1754 1902 Eunucho?
1819 1854 1921 1902 ΡΑ.
1963 1851 2050 1902 Sic
2090 1858 2193 1901 est.-
2224 1852 2346 1901 hunc
2384 1857 2542 1915 postca
2578 1853 2715 1900 inm

512 1921 954 1981 comprehenderunt
997 1926 1047 1969 et
1087 1920 1437 1980 colligaverunt.
1504 1919 1601 1967 LA.
1638 1917 1827 1967 Interii.
1893 1917 1998 1965 ΡΑ.
2037 1916 2363 1966 Tener-itatem
2405 1917 2711 1965 meretricum

511 1984 765 2032 emasidera.
833 1986 928 2034 La.
963 1984 1044 2033 An
1082 1984 1211 2032 alim
1243 1982 1376 2047 mnu,
1408 1983 1647 2044 damnive,
1678 1983 1800 2045 quod
1830 1995 1924 2030 non
1962 1982 2160 2046 dixeris,
2180 1983 2330 2031 adhuc
2349 1982 2437 2031 tibi
2458 1983 2713 2030 dicendum

1424 2136 1782 2158 COHOOO‘OOOO

508 2264 572 2297 aa
592 2249 797 2308 scitjam
827 2252 908 2300 ille
925 2252 1040 2313 quid
1061 2250 1291 2299 meretrix
1310 2249 1425 2312 siet]
1474 2250 1635 2298 Vides
1659 2254 1808 2308 amat,
1839 2248 1979 2311 quod
2005 2247 2296 2310 presertim
2319 2246 2369 2295 in
2393 2245 2709 2309 repetitione

511 2316 625 2361 acui
650 2315 898 2375 debebat,
933 2316 985 2362 in
1019 2317 1169 2363 Thesi
1193 2318 1376 2363 latere.
1443 2317 1584 2375 Ergo
1620 2315 1636 2342 ‘
1659 2314 1794 2362 Hem
1815 2312 1830 2334 ⁹
1868 2313 2025 2377 priori
2058 2313 2225 2360 versui
2248 2325 2470 2376 appone,
2491 2317 2544 2359 et
2569 2312 2708 2375 lege,

515 2375 683 2433 Quid?
713 2384 870 2427 amat?
903 2394 965 2427 απ
979 2379 1085 2439 jam
1106 2381 1196 2428 scit
1216 2380 1296 2427 iue
1328 2380 1439 2440 quid
1478 2377 1708 2425 meretrix
1737 2375 1864 2428 siet?
1913 2378 2209 2427 Priscianus
2243 2391 2295 2439 p.
2342 2380 2487 2425 1012.
2553 2375 2708 2438 Hem,

506 2444 800 2506 amat?quid
816 2442 841 2492 2
870 2459 932 2492 απ
949 2445 1036 2492 scit
1060 2444 1170 2492 ille.-
1203 2443 1533 2503 omissojam:
1559 2443 1632 2490 sic
1658 2441 1729 2489 ibi
1753 2448 1808 2492 et
1830 2447 1978 2490 vetus
1999 2441 2185 2490 codex.
2227 2442 2367 2491 Bent.
2406 2439 2560 2501 Quid]
2587 2440 2706 2489 Mu·

510 2515 675 2555 tatum
709 2509 759 2556 in
784 2510 922 2572 quod.
956 2509 1144 2557 Bruns.
1211 2508 1506 2558 Bentleinm
1533 2506 1765 2572 sequitur
1787 2507 2072 2556 Boua-17
2109 2508 2208 2555 Ms.
2236 2507 2377 2568 Lips.
2412 2506 2491 2554 Aa
2513 2505 2567 2552 in
2585 2505 2708 2554 Astu

513 2573 642 2620 venit
663 2572 796 2621 aliud
826 2589 886 2622 ea:
914 2574 1010 2622 alio
1032 2570 1242 2623 malum?
1278 2573 1446 2624 Eaud.
1469 2573 1589 2621 lect.
1616 2585 1681 2620 ex
1721 2572 1865 2621 libris
1899 2573 2030 2620 Mss.
2056 2577 2109 2620 et
2131 2570 2287 2619 editis
2311 2570 2457 2630 citat,
2480 2569 2574 2617 sed
2615 2570 2705 2617 im·

509 2637 697 2698 probat
719 2638 915 2688 Rivius.
981 2638 1119 2687 Vide
1143 2639 1420 2686 Donatum.
1459 2638 1744 2689 West.—-—18
1778 2636 1886 2684 Hoc
1904 2636 1981 2684 M.
2015 2636 2219 2686 Ion-21
2258 2635 2361 2684 Ms.
2385 2635 2527 2697 Lips.
2553 2632 2706 2697 [Bu-‚J

508 2708 565 2750 et
587 2701 656 2751 G.
689 2704 751 2751 ad
777 2702 866 2752 Th.
882 2703 1016 2754 hanc.
1050 2702 1132 2753 Id.
1183 2702 1267 2752 Aa
1292 2702 1514 2752 Thaidem
1537 2700 1679 2763 hanc]
1714 2701 1855 2750 Hanc
1876 2714 1976 2749 non
2000 2709 2083 2749 est
2108 2700 2156 2748 in
2185 2699 2456 2759 Bembino‚
2479 2706 2533 2748 et
2556 2704 2705 2748 certe

507 2763 793 2830 superfluit,
831 2781 947 2818 cum
975 2769 1087 2832 jam
1123 2782 1280 2830 supra
1320 2766 1524 2823 dixerit,
1564 2772 1577 2793 ‘
1602 2767 1719 2815 huic
1761 2764 1978 2814 Thaidi!
2014 2765 2105 2814 Fa.
2170 2763 2349 2812 Nostri
2383 2778 2579 2825 omnes,
2603 2777 2703 2813 uuo

507 2837 748 2893 excepto,
780 2833 927 2882 hanc.-
980 2839 1036 2881 et
1058 2846 1181 2881 sane
1205 2838 1343 2880 amat
1378 2829 1656 2890 Terentius
1687 2828 1908 2893 syllabas
1933 2829 2138 2878 ultimas
2160 2826 2494 2893 liquefacere.
2562 2829 2702 2890 Lege

508 2908 646 2956 vero,
682 2895 736 2944 Is
760 2912 846 2959 pro
866 2898 948 2946 illo
980 2897 1207 2946 Eunucho
1228 2899 1290 2945 ad
1330 2897 1554 2946 Thaidem
1589 2895 1680 2943 huc
1709 2895 1931 2943 deductus
1972 2898 2064 2942 est.
2128 2894 2293 2956 Supra
2317 2906 2377 2941 ιι.
2401 2895 2450 2942 3.
2475 2896 2558 2941 60.
2587 2893 2702 2955 ipse

507 2958 636 3008 dicit
660 2961 946 3011 Parmeno:
981 2963 996 2989 ‘
1021 2962 1138 3011 Huc
1162 2960 1436 3011 deductast
1460 2958 1526 3009 ad
1551 2959 1874 3008 meretricem
1911 2958 2191 3006 Thaidem:
2243 2957 2290 3005 ei
2327 2956 2461 3005 dono
2495 2951 2705 3004 datast!

507 3022 578 3071 Et
599 3032 738 3086 nota,
772 3040 886 3074 eum
914 3034 1017 3075 tam
1057 3026 1138 3074 hic
1174 3041 1325 3087 quam
1361 3025 1464 3075 illic
1510 3031 1632 3074 ante
1671 3023 1855 3073 ostium
1893 3022 2102 3071 Thaidis
2141 3022 2366 3071 stetisse.
2406 3021 2548 3070 Bent.
2616 3020 2707 3069 Se·

506 3095 733 3150 quuntur
754 3090 909 3139 Both.
951 3090 1217 3139 PerL-23
1255 3090 1599 3153 Comprendere
1621 3086 1907 3138 Bothe-24
1939 3089 2127 3137 Totum
2151 3101 2225 3142 vs.
2254 3086 2346 3136 dat
2363 3086 2523 3136 Lachi
2540 3086 2702 3136 Both-

1497 3230 1714 3283 NOTAE

570 3349 632 3395 17
665 3346 745 3395 An
780 3348 833 3396 in
870 3346 998 3396 Astu
1029 3346 1180 3410 venit]
1214 3345 1559 3397 Athenienses

504 3422 683 3472 urbem
707 3437 848 3472 suam
872 3422 1005 3472 Astu
1032 3424 1309 3474 vocabant.
1376 3424 1560 3474 Cicero

505 3500 673 3562 primo
710 3498 776 3549 de
823 3499 1048 3563 Legibus
1072 3515 1086 3549 ε
1119 3501 1135 3528 ‘
1178 3500 1443 3562 Theseus,’
1486 3502 1560 3548 in-

502 3574 632 3638 quit,
653 3575 669 3601 ‘
685 3574 893 3623 eosdem
915 3574 1137 3638 migrare
1159 3589 1225 3624 ex
1251 3575 1404 3639 agris,
1427 3582 1483 3625 et
1504 3577 1559 3627 in

501 3650 657 3711 Astu,
677 3651 811 3716 quod
836 3652 1147 3717 appeliatur,
1166 3665 1340 3701 omnes
1365 3666 1420 3700 se
1437 3666 1559 3700 con-

502 3724 640 3774 ferre
652 3726 849 3790 jussit.'
899 3725 1064 3776 ’'Ac-ru
1087 3727 1273 3778 Graece
1296 3725 1558 3791 significat

500 3798 698 3851 urbem.
749 3802 993 3852 Ceterum
1016 3801 1239 3852 Athenae
1259 3802 1311 3852 in
1333 3801 1459 3852 duas
1484 3803 1559 3852 di·

502 3877 625 3927 visae
643 3884 793 3927 erant
813 3884 1020 3941 partes;
1055 3879 1255 3942 urbem,
1278 3894 1395 3945 quae
1416 3880 1558 3933 dicta

497 3955 666 4018 Ἀστυ,
682 3961 737 4003 et
754 3961 980 4019 portum,
996 3955 1082 4020 qui
1095 3955 1329 4020 Πειραιεὺς
1344 3966 1555 4007 vocatus

499 4035 613 4078 est:
647 4044 737 4079 eas
760 4037 929 4081 autem
956 4038 1131 4093 partes
1150 4046 1277 4081 unus
1300 4033 1557 4096 complec-

498 4104 711 4156 tebatur
744 4106 998 4170 ambitus3
1030 4107 1119 4157 sed
1157 4107 1234 4157 ita
1266 4113 1326 4157 ut
1362 4107 1557 4171 plebeii

501 4186 559 4228 et
600 4180 927 4233 democratiae
978 4181 1208 4233 fautores
1252 4185 1304 4233 in
1345 4185 1554 4247 regione

501 4258 693 4309 Piraeei
740 4267 985 4323 agerent3
1026 4261 1371 4326 elegantiores
1415 4261 1556 4311 nobi-

1639 3346 1899 3411 lioresque
1924 3346 2053 3397 Astu
2078 3346 2381 3398 incolerent.
2446 3345 2493 3397 A
2512 3343 2700 3411 potiori

1641 3424 1798 3487 igitur
1835 3430 1986 3487 parte
2020 3430 2076 3472 et
2099 3423 2164 3473 ad
2204 3431 2384 3488 portus
2419 3423 2700 3474 discrimen

1631 3501 1784 3550 ·Ἀστυ
1809 3509 1863 3550 et
1886 3498 2127 3551 Ἀστικοὺς
2148 3500 2482 3549 nominabant
2502 3500 2696 3550 Urbem

1639 3582 1695 3626 et
1718 3577 1976 3627 Urbanos.

1705 3657 1768 3702 19
1804 3650 2047 3714 Furcifer]
2077 3651 2367 3702 Dicebatur
2395 3665 2590 3712 servus,
2608 3649 2693 3715 qui

1638 3729 1704 3778 ob
1727 3731 1842 3778 leve
1865 3729 2106 3778 delictum
2132 3728 2417 3790 cogebatur
2440 3741 2470 3775 a
2492 3727 2693 3776 domino

1638 3805 1930 3868 ignominiae
1952 3804 2131 3868 magis,
2150 3818 2302 3869 quam
2319 3802 2559 3866 supplicii
2578 3816 2693 3851 cau-

1638 3896 1712 3943 sa,
1731 3881 1785 3930 in
1822 3881 2012 3930 vicinia
2049 3880 2251 3930 furcam
2283 3880 2334 3929 in
2367 3879 2501 3930 collo
2539 3877 2695 3940 ferre,

1635 3958 1910 4023 subligatis
1936 3959 1999 4007 ad
2022 3972 2135 4007 eam
2158 3956 2410 4017 manibus,
2429 3963 2485 4005 et
2507 3953 2691 4018 praedi-

1635 4049 1757 4084 care
1775 4041 2047 4098 peccatum
2072 4048 2237 4097 sunm,
2250 4031 2505 4096 simulque
2521 4043 2690 4080 moue·

1635 4103 1692 4161 re
1727 4120 1930 4162 ceteros
1972 4124 2038 4161 ne
2069 4109 2238 4159 simile
2282 4108 2410 4174 quid
2451 4106 2686 4158 admitte-

1635 4195 1769 4240 rent.
