3050 4942
523 378 652 446 138
1136 392 1408 442 sumus
1454 391 1714 441 cAEsAR
1762 392 2132 442 solimam:

523 547 835 617 ceptarunt
878 533 1065 608 multi,
1112 546 1173 595 et
1212 555 1329 596 non
1360 534 1532 615 pauci
1560 544 1863 595 errarunt:
1908 535 2060 594 sicut
2095 544 2156 595 et
2182 533 2289 607 illi,
2340 534 2442 615 qui
2471 534 2716 597 reddere

522 636 834 695 voluerunt
859 634 1143 693 rationem
1170 653 1480 693 versuum:
1523 653 1658 692 cum
1689 634 1785 692 alii
1826 641 2029 692 essent
2056 632 2393 705 curtissimi,
2424 632 2518 706 alii
2565 632 2714 693 adeo

521 733 707 812 longi,
752 743 818 790 ut
864 730 1004 789 mihi
1050 730 1226 791 libeat
1274 751 1408 791 cum
1459 730 1739 790 Plautino
1766 731 2045 810 trapezita
2083 730 2292 809 jocari,
2339 728 2479 790 dum
2524 750 2706 789 unum

523 829 739 900 scrib0,
766 828 1021 907 explevit
1057 827 1200 886 mihi
1235 839 1392 888 totas
1421 848 1588 888 ceras
1616 839 1869 908 quatuor
1897 848 1912 887 ε
1956 838 2216 907 quantus
2245 827 2343 887 ille
2373 838 2468 887 est
2493 848 2567 888 ex
2596 828 2714 889 Eu·

523 925 719 986 nucho
745 946 761 985 ι
826 933 842 960 ⁴
870 925 946 985 Et
973 924 1289 1004 magnifica
1315 926 1496 985 verba
1520 945 1536 984 ε
1580 926 1757 984 verba
1786 924 1926 984 dum
1958 925 2111 994 sint;
2154 944 2375 997 verum,
2407 925 2456 984 si
2485 924 2562 984 ad
2591 943 2712 985 rem

524 1024 917 1095 conferentur,
944 1021 1285 1101 vapulabit?
1369 1023 1745 1101 Quanquam,
1775 1022 1872 1082 hic
1901 1040 2137 1101 quoque
2166 1023 2240 1081 ab
2266 1022 2379 1083 illis
2410 1022 2719 1095 dissentit»,

525 1121 736 1199 aioque
765 1119 917 1178 duos
947 1138 1151 1178 versus
1189 1135 1358 1177 esse:
1389 1118 1639 1196 priorem
1668 1117 2026 1178 trochaicum
2057 1118 2365 1178 dimetrum
2395 1118 2714 1199 brachyca-

523 1218 883 1288 talecticum,
914 1216 1162 1275 alterum
1206 1215 1592 1274 octonarium.
1678 1215 1833 1273 Nam
1879 1215 1962 1274 sic
1991 1214 2409 1294 pronuntiavit,
2456 1225 2544 1288 ut,
2581 1235 2713 1275 cum

523 1313 793 1384 dixisset,
837 1318 853 1345 ‘
877 1311 954 1372 Et
981 1310 1294 1389 magnifica
1328 1312 1546 1383 verba,'
1586 1312 1869 1383 substitit,
1901 1312 2203 1391 affixitque
2244 1311 2323 1372 ibi
2350 1312 2714 1391 propositum

523 1412 583 1470 in
611 1410 842 1470 verbis:
886 1420 1094 1488 postea
1138 1407 1311 1467 simul
1359 1428 1491 1467 cum
1540 1427 1604 1467 re
1631 1407 1878 1468 mutavit
1907 1409 2275 1481 sententiam,
2314 1419 2381 1468 ut
2407 1428 2512 1488 pro
2540 1410 2711 1469 sactis

524 1509 685 1567 facta
733 1505 1021 1577 redderet,
1062 1515 1122 1563 et
1169 1505 1412 1564 verbera
1461 1503 1846 1565 minitaretur.
1929 1505 2263 1565 Priscianus
2319 1505 2713 1566 distinctionis

523 1624 706 1665 causa
727 1603 1022 1663 breviores
1049 1602 1301 1661 insertos
1330 1618 1536 1661 versus
1578 1600 1741 1661 dicit.
1822 1602 2041 1660 Verum
2087 1621 2278 1680 neque
2306 1601 2427 1674 ille,
2469 1601 2713 1662 distinc-

524 1703 608 1762 tio
636 1701 767 1762 haec
792 1700 933 1781 quid
984 1710 1162 1772 esset,
1199 1698 1569 1760 declaravit:
1612 1719 1806 1779 neque
1845 1718 1978 1772 nos,
2025 1699 2168 1778 quid
2217 1699 2328 1759 sibi
2362 1699 2523 1772 velit,
2569 1718 2710 1759 sane

522 1800 761 1860 scimus·
845 1799 995 1858 Nam
1046 1819 1181 1878 quae
1228 1797 1530 1858 distinctio
1581 1818 1712 1858 esse
1766 1797 1962 1870 debet,
1991 1815 2108 1856 non
2161 1798 2351 1856 solum
2401 1796 2608 1857 eadem
2650 1797 2709 1858 in

522 1916 721 1969 scena,
767 1896 875 1956 sed
920 1896 1092 1956 etiam
1146 1896 1446 1976 persona?
1509 1917 1716 1976 quoeve
1769 1896 1829 1958 in
1880 1896 2065 1975 prima
2121 1914 2301 1954 scena
2348 1893 2709 1973 gravissimae

521 1992 845 2055 Comoediae
874 1992 1365 2074 Amphitryonis?
1408 1993 1549 2072 Ipso
1576 1993 1732 2053 enim
1755 1993 2023 2072 ingressu
2054 1992 2251 2051 statim
2279 2010 2571 2069 nusquam
2602 1990 2709 2050 sibi

520 2099 776 2151 constat.
861 2092 982 2149 Aut
1004 2090 1237 2168 qualem
1285 2092 1345 2149 in
1392 2109 1465 2152 ea
1509 2111 1709 2163 scena,
1739 2090 1798 2149 in
1843 2109 1961 2170 qua
2013 2088 2358 2168 Pamphilus
2404 2088 2482 2149 de
2525 2087 2708 2167 patris

522 2185 740 2254 duritia
765 2185 1063 2265 queritur?
1105 2185 1205 2266 qui
1248 2186 1309 2246 in
1337 2186 1547 2247 eodem
1578 2198 1923 2266 argumento
1956 2187 2374 2267 propositoque
2419 2195 2709 2264 perstaret

518 2281 981 2361 conquestionis,
1022 2291 1083 2341 et
1120 2282 1473 2344 tetrametris
1518 2281 1668 2343 illud
1712 2282 1959 2343 inseruit
2001 2282 2351 2351 dimetrum:
2411 2281 2626 2351 ‘Quod
2658 2281 2706 2341 si

518 2379 606 2452 fit,
635 2397 811 2458 pereo
858 2378 1162 2439 funditus]
1242 2378 1378 2453 Alii,
1425 2389 1494 2440 ut
1534 2379 1645 2439 sibi
1680 2378 2050 2451 videbantur,
2096 2379 2406 2452 acutiores,
2448 2398 2482 2438 e
2532 2378 2706 2438 rebus

515 2474 665 2554 ipsis
693 2474 849 2547 duci,
879 2494 1010 2535 »non
1044 2475 1234 2536 solum
1269 2476 1490 2556 pedum
1535 2477 1775 2548 statum,
1804 2485 1910 2536 aut
1933 2494 2190 2547 cursum,
2221 2475 2327 2535 sed
2374 2474 2547 2534 etiam
2579 2494 2706 2534 ver-

415 2633 421 2639 ,
519 2590 694 2635 suum
720 2580 941 2631 tractus
969 2572 1316 2651 prodidere:
1359 2572 1418 2631 in
1448 2592 1509 2631 re
1537 2573 1878 2654 perturbata
1904 2572 2116 2632 mutari
2143 2592 2370 2645 versuS‚
2400 2564 2704 2651 pedesque

514 2670 677 2749 ipsos
706 2669 1032 2730 confundi:
1075 2670 1135 2729 in
1166 2669 1466 2730 celeritate
1513 2669 1848 2730 trochaicus
1876 2668 2070 2728 trudi:
2115 2668 2390 2749 gravibus
2439 2669 2704 2748 personis

517 2766 789 2827 statarios
819 2786 1114 2829 sermones
1154 2768 1392 2828 confieri
1439 2788 1514 2829 ex
1558 2767 1882 2849 spondaeis.
1965 2765 2235 2827 Afferunt
2261 2766 2378 2833 huc
2429 2773 2549 2824 no'n
2578 2776 2698 2827 tam

513 2881 622 2943 pro
649 2873 824 2937 teste,
848 2884 1026 2943 quam
1055 2884 1160 2944 pro
1178 2865 1382 2944 judice
1410 2864 1798 2946 virgilianam
1829 2864 2224 2945 prudentiam,
2252 2862 2512 2922 divinam
2538 2863 2698 2925 illam

516 2977 662 3019 sane
708 2959 884 3018 mihi:
927 2960 1028 3038 qui
1072 2979 1194 3019 rem
1223 2963 1528 3021 verborum
1559 2962 1747 3022 nitore
1784 2980 1854 3021 ac
1901 2980 2274 3022 numerorum
2300 2960 2702 3021 concinnitate

517 3055 706 3116 oculis
737 3055 1027 3134 subjiciat.
1105 3049 1242 3135 ‘Ego
1285 3076 1444 3131 ver0,
1488 3067 1559 3117 ut
1583 3058 1792 3118 horum
1820 3056 2185 3137 diligentiam
2211 3067 2521 3118 veneratus
2552 3075 2701 3128 sum,

511 3170 693 3231 quam
717 3151 987 3230 equidem
1028 3160 1195 3211 tanto
1225 3154 1423 3213 studio
1470 3154 1531 3213 in
1581 3155 1726 3214 meis
1756 3155 2045 3233 poEmatis
2092 3153 2412 3233 exprimere
2455 3143 2702 3213 conatus

512 3248 753 3316 fuerim;
786 3249 869 3307 ita
905 3248 964 3307 in
996 3248 1314 3310 Comoediis
1343 3251 1556 3310 falsam
1576 3249 1759 3310 ‘simul
1789 3261 1964 3330 atque
1988 3269 2486 3329 supervacaneam
2515 3250 2702 3310 anim-

511 3344 756 3406 adverti.
841 3345 1017 3417 Nam,
1068 3345 1117 3404 si
1165 3347 1224 3405 in
1266 3367 1649 3428 personarum
1677 3350 1929 3409 statibus
1958 3348 2225 3421 diversis,
2264 3349 2314 3406 si
2360 3347 2422 3405 in
2465 3356 2705 3407 contra-

508 3443 607 3503 riis
635 3441 909 3521 negotiiS,
932 3443 980 3502 si
1007 3444 1065 3502 in
1098 3443 1145 3501 F
1148 3444 1451 3507 abularum
1475 3446 2012 3527 partibu32maxime
2038 3446 2188 3504 inter
2210 3464 2274 3504 se
2296 3444 2702 3518 dissimilibus,

506 3540 665 3600 idem
693 3559 820 3619 pes,
867 3534 1024 3600 idem
1066 3540 1285 3620 pedum
1331 3541 1497 3616 ord0,
1541 3542 1698 3602 idem
1743 3542 2063 3602 carminum
2093 3560 2281 3620 genus
2309 3540 2659 3601 ostendatur
2681 3561 2698 3611 3

498 3637 624 3716 jam
646 3637 811 3697 nulla
838 3657 1021 3699 causa
1042 3650 1153 3712 est,
1175 3640 1318 3718 quin
1346 3639 1554 3698 horum
1587 3639 1896 3711 sententia,
1917 3648 2201 3717 tanquam
2223 3655 2395 3709 vana,
2414 3637 2703 3716 exploda-

507 3744 622 3795 tur.
707 3735 865 3814 Ergo
893 3736 951 3795 in
980 3735 1177 3795 divina
1201 3736 1449 3809 Fabula,
1478 3756 1549 3796 ac
1577 3756 1710 3797 vere
1738 3737 2035 3808 thesaure,
2065 3754 2242 3813 quam
2272 3733 2387 3793 levi
2424 3734 2597 3794 nimis
2625 3733 2700 3795 de

506 3849 690 3891 causa
706 3832 1104 3892 Trinummum
1127 3831 1425 3912 inscripsit
1437 3833 1708 3905 PlautuS,
1728 3830 1981 3913 protasis
2005 3832 2265 3890 trimetro
2293 3828 2546 3888 iambico
2575 3840 2700 3890 tota

508 3936 781 3987 constat:
822 3929 959 3987 item
990 3929 1253 4008 epitasiS,
1276 3941 1401 3989 tum
1430 3929 1839 4007 catastrophe;
1886 3926 2123 3985 Stichus
2165 3945 2198 3985 e
2227 3924 2543 3998 contrario,
2572 3936 2700 3985 tota

504 4023 817 4083 trochaicis
847 4023 1064 4104 longis.
1145 4026 1214 4085 In
1244 4025 1613 4085 Mostellaria
1640 4025 2002 4085 adolescenti
2033 4020 2446 4092 Philolacheti,
2469 4022 2696 4094 homini

506 4118 737 4196 perdito
764 4118 926 4191 luxu,
954 4130 1130 4198 atque
1166 4122 1288 4181 otio
1316 4131 1615 4200 corrupto,
1654 4122 1876 4201 quique
1904 4139 2079 4181 unam
2109 4119 2286 4179 modo
2316 4137 2437 4176 rem
2469 4129 2694 4198 ageret,

504 4224 575 4276 ut
612 4214 917 4276 inserviret
961 4217 1169 4292 ventri,
1202 4218 1326 4279 dati
1373 4239 1578 4281 versus
1619 4230 1760 4279 sunt
1807 4218 1964 4279 omni
2012 4216 2228 4298 pedum
2279 4234 2449 4294 poene
2478 4236 2694 4295 genere
