3050 4942
526 391 655 457 228
1261 403 1727 452 rssAuciscus
1778 403 1985 451 mun

694 553 780 613 ais
1335 571 1406 611 eo
1735 550 1945 609 eodem
2214 548 2471 607 fuissent

694 652 777 711 ait
1335 649 1417 707 rei
1741 647 1951 708 eadem
2221 645 2417 704 sciunt

691 766 857 807 meus
1335 744 1461 823 spei
1736 763 1939 804 eamus
2222 741 2421 801 videat

695 856 834 904 tuus
940 862 1042 923 per
1068 862 1273 903 omnes
1335 842 1474 902 fidei
1739 840 1842 899 filii
2219 849 2390 898 taceo

697 960 841 1001 suus
1021 959 1197 1001 casus
1332 938 1451 998 diei
1734 936 1882 1019 perii
2221 934 2426 993 docuit

695 1037 861 1097 Deus
1340 1037 1438 1097 die
1743 1034 1941 1095 aiebat
2221 1049 2563 1095 commoveo

699 1133 849 1193 Deae
1340 1134 1439 1194 via
1745 1132 1830 1208 sui
2224 1138 2627 1191 transeuntem

702 1229 838 1289 duee
1343 1230 1487 1309 quia
1746 1230 1860 1289 fuit
2227 1226 2428 1308 gaudii

1347 1327 1523 1386 trium
1752 1326 1916 1387 fuisti
2221 1324 2482 1404 jurgium

702 1438 945 1500 mulier⁸
1187 1438 1422 1500 eveniat
1710 1436 2132 1519 grandiuscula
2318 1434 2577 1516 potuerit

702 1536 910 1595 melius
1174 1537 1490 1616 'perveniat
1710 1535 2109 1595 tardiusculus
2315 1531 2539 1610 rejiciat

708 1633 947 1693 suavius
1191 1634 1425 1695 divitias
1709 1630 2155 1713 comprehendit
2313 1627 2534 1687 introiit

706 1730 943 1809 probior
1192 1731 1370 1792 etiam
1713 1729 2086 1810 reprehendit
2317 1725 2574 1785 abieram

706 1828 954 1906 nequior
1189 1825 1441 1908 ineptias
1713 1825 2029 1887 deosculor
2321 1822 2515 1881 abiero

711 1924 1039 1985 sexcenties
1191 1926 1501 1986 certiorem
1715 1924 2060 1986 dehortatus
2318 1916 2562 1979 redierit

706 2020 806 2080 via
1193 2025 1564 2084 occasionem
1712 2023 2050 2103 aperiuntur
2314 2013 2584 2095 perierim

710 2117 850 2195 quia
1190 2120 1558 2180 tumultuosa
1708 2120 1904 2198 ejiciat
1919 2119 1944 2152 ⁹
2312 2110 2590 2192 periimus
2600 2152 2615 2168 .

634 2244 831 2315 Nono,
857 2246 1035 2305 verba
1083 2266 1243 2325 saepe
1284 2249 1554 2307 breviant
1598 2245 1920 2307 exterendo
1948 2241 2215 2305 vocalem
2244 2240 2337 2301 vel
2388 2236 2685 2317 syllabam
2712 2255 2749 2293 e

553 2341 749 2401 media
774 2361 940 2413 voce,
967 2341 1062 2402 vel
1088 2344 1412 2404 resecando
1441 2366 1478 2405 a
1505 2346 1618 2406 fine
1642 2365 1657 2405 :
1701 2362 1948 2425 quorum
1977 2342 2134 2423 prius
2165 2356 2423 2419 syncope
2442 2335 2608 2394 dicta
2630 2343 2753 2405 est>

555 2438 801 2498 alterum
831 2456 1113 2518 apocope.

1598 2521 1824 2588 Eodem
1849 2517 2026 2579 modo
2054 2517 2114 2576 in
2143 2511 2359 2593 dissyl-

557 2558 844 2638 Exempla
870 2579 1166 2640 syncop&
1199 2561 1318 2621 Sint
1343 2561 1475 2622 haec
1499 2581 1515 2621 ³
1682 2616 1818 2677 laba
1843 2612 2270 2674 contrahuntur

685 2712 869 2790 erpite
1101 2713 1250 2774 dixti
1664 2716 1913 2776 alterum
2083 2716 2121 2795 Ἰ

688 2810 917 2889 surpuit
1093 2811 1241 2891 justi
1667 2810 1867 2871 militis

687 2927 945 2986 exporge
1105 2910 1289 2968 sensti
1666 2907 1920 2968 nominis
2163 2924 2283 2986 quo
2309 2912 2486 2985 pacto

688 3002 884 3060 amisti
1105 3004 1359 3064 audistin
1665 3005 1983 3084 virginem¹
2163 3003 2259 3062 hae
2287 3021 2463 3061 voces

690 3097 980 3155 commisti
1105 3097 1241 3158 dixe
1666 3099 1974 3160 clamitans
2169 3124 2202 3164 e
2229 3098 2460 3158 creticis

688 3191 953 3270 promisti
1104 3192 1348 3253 decesse
1667 3194 1973 3275 paululum
2169 3194 2318 3255 fiunt
2345 3192 2636 3274 spondaei.

690 3286 1047 3366 praescripsti
1105 3290 1366 3349 excessis
1667 3290 1913 3351 liberae²

691 3382 938 3445 exclusti
1106 3386 1369 3447 scissem.
1665 3387 1875 3449 liberet
1898 3408 1912 3449 τ

627 3554 658 3601 ’1
692 3549 846 3613 Mihi]
884 3550 1014 3600 Mihi
1035 3556 1090 3601 et
1123 3551 1249 3601 nihil
1269 3558 1390 3602 sunt
1412 3566 1618 3615 semper

564 3624 677 3677 fere
698 3627 1072 3690 monosyllaba,
1095 3629 1177 3677 vel
1199 3635 1342 3678 certe
1365 3628 1619 3678 rarissime

565 3702 619 3752 in
637 3702 759 3751 duos
782 3703 942 3766 pedes
964 3702 1331 3754 distrahuntur.

630 3783 662 3829 8
694 3778 897 3842 Mulier]
931 3780 995 3829 In
1017 3781 1114 3830 hac
1139 3795 1264 3830 voce
1288 3781 1621 3845 plurimisque

567 3856 698 3918 aliis,
720 3857 773 3904 in
793 3856 971 3919 quibus
991 3856 1183 3906 vocalis
1203 3856 1341 3919 prior
1359 3865 1437 3906 est
1457 3857 1622 3920 i,con·

567 3930 759 3982 tractio
800 3930 861 3980 fit
895 3931 1143 3980 mutando
1183 3931 1199 3980 i
1239 3931 1290 3981 in
1328 3946 1623 3995 consonam,

567 4021 702 4071 quae,
723 4012 783 4055 ut
805 4011 926 4056 ante
948 4006 1146 4056 dictum
1162 4013 1260 4069 est,
1284 4007 1625 4070 pronuntian-

570 4083 638 4129 da
660 4088 739 4131 est
769 4087 828 4130 ut
865 4089 1093 4131 nostrum
1116 4097 1181 4145 y:
1218 4089 1376 4147 atque
1412 4083 1509 4131 hac
1546 4098 1623 4131 ra-

573 4157 714 4207 tione
753 4157 913 4220 pedes
947 4158 1396 4221 proceleusmatici
1435 4159 1487 4209 in
1509 4174 1625 4209 ver·

574 4246 721 4281 suum
766 4231 950 4281 finibus
989 4246 1132 4295 saepe
1171 4232 1224 4282 in
1269 4233 1504 4297 dactylos
1539 4237 1623 4285 vel

1698 3552 1921 3604 creticos
1956 3554 2347 3618 contrabuntur,
2386 3561 2443 3604 ut
2479 3554 2552 3611 in,
2575 3551 2761 3600 mulie-

1700 3642 1828 3689 rem,
1858 3629 2117 3692 mulieres,
2154 3629 2347 3692 abiero,
2381 3626 2639 3692 perierim,
2676 3642 2763 3675 re·

1699 3704 1878 3766 dierit,
1936 3706 2253 3769 praeterieris
2291 3722 2305 3754 ι
2359 3720 2474 3769 quae
2528 3717 2767 3766 pronun-

1699 3780 1895 3844 tianda,
1939 3782 2263 3846 mul-yerem,
2306 3782 2608 3843 mul-yeres,
2663 3778 2763 3826 ab·

1699 3870 1848 3920 yero,
1886 3858 2185 3920 per-yerim,
2221 3857 2491 3921 red-yerit,
2534 3861 2765 3917 praeter-

1700 3933 1871 3995 yerit:
1894 3947 2064 3998 neque
2087 3933 2302 3997 syllaba,
2323 3948 2439 3996 quae
2462 3933 2479 3979 i
2501 3931 2555 3979 in
2577 3944 2766 3978 conso-

1703 4022 1823 4058 nam
1845 4023 2043 4058 versam
2062 4010 2334 4072 praecedit,
2349 4007 2633 4056 mutatione
2655 4005 2767 4052 ista

1706 4098 1910 4147 semper
1933 4083 2256 4147 producitur.
2325 4083 2496 4145 Hujus
2518 4080 2768 4141 exempla

1701 4160 1856 4223 plura
1892 4168 2014 4210 sunt
2051 4160 2186 4223 apud
2229 4159 2495 4217 Plautum,
2515 4157 2623 4216 ubi,
2647 4170 2764 4202 mu·

1702 4237 1816 4302 liet,
1838 4238 2028 4303 potius,
2048 4237 2278 4301 probior,
2299 4241 2354 4285 et
2381 4235 2580 4283 similes
2601 4246 2762 4281 voces
