3050 4942
1100 387 1200 439 ns
1246 382 1629 439 rannac.
2367 379 2457 444 77

268 521 414 586 inter
442 545 508 586 se
536 525 1245 611 dissimiles,1disparique
1273 535 1539 593 ratione:
1579 532 1823 613 tragicae
1866 535 2022 595 enim
2061 535 2461 599 deformantur

264 620 579 697 columnis,
609 626 889 706 fastigiis,
917 637 978 687 et
1006 628 1213 707 signis,
1239 628 1597 708 reliquisque
1620 630 1917 709 regalibus
1940 633 2135 693 rebus.
2199 633 2459 695 Comicoe

264 730 461 781 autem
510 722 895 784 aedificiorum
941 725 1300 805 privatorum
1348 739 1409 787 et
1457 728 1860 787 menianorum
1905 728 2128 789 habent
2181 712 2459 810 speciem,

261 828 733 899 prospectusque
786 820 1057 882 fenestris
1107 822 1463 902 dispositos,'
1496 823 1573 884 ad
1628 824 2010 886 imitationem
2067 830 2462 889 communium

264 914 669 978 aedificiorum.
754 918 1021 980 Satiricae
1049 940 1187 981 vero
1217 934 1500 982 ornantur
1527 923 1858 996 arboribuS,
1879 906 2210 1003 'spelunciffi
2247 927 2462 985 monti-

260 1013 394 1085 bus,
429 1012 789 1094 reliquisque
819 1017 1150 1093 agrestibus
1192 1018 1389 1089 rebus,
1418 1018 1478 1077 in
1508 1018 1735 1099 topiarii
1758 1019 1950 1100 operis
1981 1022 2235 1099 speciem
2266 1022 2461 1082 defor-

265 1109 460 1170 matis,
545 1109 694 1171 Post
739 1132 978 1173 scenam
1018 1113 1291 1177 Porticus
1320 1125 1489 1175 erant
1516 1125 1895 1188 constructae,
1935 1137 2053 1197 quo
2082 1138 2216 1178 cum
2246 1119 2461 1179 imbres

248 1206 555 1284 ·repentini
585 1207 785 1270 Ludos
813 1209 1352 1289 interpellaveram,
1380 1221 1611 1272 actores
1642 1231 1705 1272 se
1727 1212 2084 1291 recipiebant
2114 1234 2187 1273 ex
2214 1216 2464 1299 pulpit0‚

266 1312 367 1362 aut
394 1305 455 1362 in
485 1306 701 1385 quibus
729 1309 979 1369 vestium
1030 1309 1522 1370 commutationes
1573 1318 1637 1369 et
1687 1328 2070 1389 personarum
2118 1311 2466 1374 indumenta

267 1400 757 1466 adservabantur.
840 1406 1038 1486 Ipsam
1094 1418 1291 1468 autem
1340 1426 1724 1487 personarum
1772 1409 2354 1487 repraesentationem
2403 1412 2464 1472 in

268 1516 466 1573 scena,
502 1512 679 1581 atque
720 1497 1384 1584 adeo'compositionem
1417 1505 1765 1578 Comoedioe,
1812 1503 2009 1564 Graeci
2040 1505 2262 1566 Drama
2289 1527 2467 1570 voca-

266 1606 427 1658 runt.
512 1598 633 1658 Sed
663 1611 723 1661 et
751 1622 991 1662 scenam
1018 1612 1234 1663 vocant
1265 1603 1511 1675 Comici,
1541 1602 1825 1682 quicquid
1876 1602 2013 1662 duae
2052 1613 2154 1663 aut
2180 1614 2304 1664 tres
2332 1625 2468 1685 per-

270 1715 435 1757 sonae
466 1701 753 1759 sermonis
783 1699 997 1779 integri
1025 1710 1086 1760 et
1112 1701 1367 1760 absoluti
1393 1699 1833 1778 colloquuntur,
1860 1698 2096 1778 illicque
2117 1700 2247 1762 finit
2269 1721 2468 1777 scena,

267 1795 368 1854 nbi
398 1804 507 1854 aut
534 1795 735 1875 aliqua
760 1815 1020 1875 persona
1056 1795 1492 1877 introgreditur,
1523 1803 1629 1854 aut
1655 1794 1770 1854 alia
1801 1794 1878 1853 ad
1922 1796 2133 1869 forum,
2180 1807 2284 1856 aut
2332 1798 2470 1858 alibi

271 1891 346 1951 ad
375 1893 632 1959 vicinam
660 1893 856 1954 currit.
942 1894 1128 1953 Actus
1173 1904 1371 1952 autem
1417 1892 1616 1972 plures
1656 1910 1867 1951 scenas
1913 1893 2470 1974 comprehendebat.

272 1989 501 2070 Estque
529 1991 591 2049 in
640 1991 945 2051 Comoedia
985 1994 1122 2071 pars
1152 1988 1592 2071 quodammodo
1642 1987 1915 2049 absoluta
1951 1997 2013 2049 et
2037 1991 2288 2070 integra,
2319 2011 2470 2052 non-

274 2088 412 2148 dum
444 2098 646 2147 tamen
674 2107 793 2148 rem
824 2108 1054 2148 omnem
1083 2088 1331 2150 finiens:
1375 2087 1483 2149 sed
1508 2088 1594 2148 ita
1621 2086 1987 2147 dimidiatam
2018 2086 2376 2169 relinquens,
2404 2099 2473 2150 ut

274 2186 565 2264 respirent
593 2197 978 2265 spectatores,
1007 2197 1069 2247 et
1093 2186 1322 2246 facilius
1361 2193 1774 2256 commutetur,
1818 2183 2099 2263 quicquid
2144 2185 2204 2244 in
2234 2184 2472 2265 reliquis

275 2282 603 2343 Comoedias
630 2284 895 2363 partibus
924 2282 1230 2364 superest:
1273 2284 1335 2345 id
1363 2293 1562 2344 autem
1584 2291 1755 2343 actus
1784 2290 2143 2342 commutare
2170 2281 2471 2344 dicebant.

279 2379 512 2440 Interea
539 2379 700 2439 mimi
729 2379 972 2440 dicteria
999 2391 1060 2440 et
1076 2379 1337 2441 diverbia
1356 2381 1707 2453 referebant,
1729 2379 2247 2458 recitabanturque
2268 2381 2473 2442 nescio

282 2495 413 2554 quae
450 2475 749 2556 jucunda,
776 2497 928 2556 ⁴quae
967 2477 1250 2557 populum
1279 2478 1394 2538 alia
1421 2477 1816 2538 oblectatione
1843 2477 2164 2537 afficerent.
2249 2477 2319 2536 In
2358 2478 2478 2537 Co-

282 2573 502 2634 moedia
525 2593 667 2633 vero
682 2574 880 2653 plures
899 2585 1067 2634 erant
1083 2573 1421 2653 hujusmodi
1440 2583 1635 2646 actus,
1654 2570 1981 2633 secundum
2011 2573 2092 2631 rei
2110 2572 2477 2652 gravitatem,

283 2681 385 2731 aut
449 2669 760 2732 rationem.
864 2669 1304 2730 Comoediarutn
1370 2681 1569 2730 autem
1618 2668 1889 2728 recitatio
1958 2668 2016 2726 in
2071 2687 2251 2727 scena
2302 2670 2479 2729 Actio

285 2768 628 2829 dicebatur:
677 2768 835 2828 unde
882 2768 1059 2827 etiam
1111 2769 1214 2848 qui
1260 2768 1541 2846 agebant,
1592 2774 1655 2826 et
1697 2765 1744 2823 F
1747 2764 1953 2823 abulas
1999 2765 2479 2843 pronuntiabant,

286 2866 533 2927 Actores
564 2865 727 2925 dicti.
809 2866 984 2926 Actio
1013 2885 1249 2946 quoque
1277 2865 1355 2925 ad
1389 2863 1673 2925 orationis
1720 2860 2258 2942 pronuntiationem
2285 2870 2479 2921 trans-

286 2964 505 3031 fertur:
551 2973 619 3024 ut
646 2963 822 3024 etiam
866 2963 998 3044 ipsa
1024 2963 1210 3024 oratio
1259 2961 1508 3023 rhetoris
1555 2959 1648 3021 vel
1699 2957 1921 3038 scripta
1958 2959 2053 3018 vel
2102 2956 2483 3037 pronuntiata

286 3063 439 3123 actio
464 3060 722 3122 dicatur.

613 3224 1154 3285 SCENICORUM
1196 3223 1597 3284 ACTORUM
1640 3219 2150 3285 DIVERSITAS.

367 3354 439 3413 In
471 3372 712 3413 scenam
743 3374 862 3413 non
892 3353 1085 3415 solum
1131 3353 1569 3414 Comoediarum
1620 3361 1724 3411 aut
1763 3347 2208 3428 Tragoediamm
2235 3347 2484 3406 Actores

288 3451 413 3528 (qui
441 3449 700 3529 tragoedi
725 3460 787 3511 et
811 3450 1062 3511 comoedi
1092 3450 1464 3526 dicebantur)
1490 3447 1810 3527 prodibant
1834 3447 1891 3504 in
1924 3441 2350 3525 spectaculum,
2378 3442 2486 3501 sed

290 3548 463 3607 etiarn
500 3547 683 3617 mimi,
710 3547 1075 3625 pantomimi,
1105 3547 1447 3619 archimimi,
1477 3544 1760 3623 ethologi‚
1797 3542 2092 3622 ethopoei:
2137 3559 2342 3601 omnes
2363 3558 2486 3598 uno

291 3644 532 3703 nomine
563 3642 891 3723 hypocritae
935 3644 1022 3722 (id
1051 3654 1164 3718 est,
1208 3645 1416 3706 alienae
1459 3662 1732 3723 personae
1758 3639 2156 3712 simulatores)
2202 3635 2384 3695 dicti:
2428 3644 2491 3693 et

291 3759 495 3801 eorum
523 3739 703 3812 acti0,
732 3739 1085 3821 hypocrisis,
1133 3740 1193 3800 id
1222 3752 1337 3813 est,
1366 3740 1577 3799 alienae
1619 3755 1887 3818 personae
1914 3731 2231 3804 simulatio,
2262 3729 2486 3788 Latinis

291 3834 635 3909 histriones,
663 3836 1076 3918 ludionesque,
1107 3849 1210 3898 aut
1238 3839 1412 3898 etiam
1442 3836 1586 3897 ludii
1615 3834 1909 3895 dicuntur.
1972 3829 2138 3889 Mimi
2163 3827 2488 3887 imitatores

297 3944 434 3992 sunt
462 3943 766 4013 gestuum,
792 3955 1031 4010 vocum,
1062 3946 1166 3995 aut
1191 3952 1507 4016 gressuum
1532 3931 1780 4011 alicujus
1819 3946 2089 4008 personae
2120 3925 2272 4016 inter
2298 3923 2486 4013 alias.

298 4030 465 4109 cujus
492 4028 748 4090 ridicula
776 4032 855 4090 sit
879 4052 1015 4106 vox,
1065 4042 1171 4092 aut
1216 4032 1379 4095 aliud
1417 4029 1742 4111 quidpiam.
1826 4022 2180 4083 Pantomimi
2230 4020 2489 4081 omniurn

298 4145 683 4206 personarum
710 4126 1033 4189 imitatores
1064 4137 1204 4189 sunt
1229 4129 1675 4207 effictoresque:
1706 4133 1774 4183 ut
1806 4131 1867 4181 et
1888 4107 2180 4192 mulieres,
2206 4127 2267 4178 et
2296 4136 2490 4188 senes,

302 4233 358 4283 et
374 4225 650 4302 juveneS,
679 4243 748 4286 ac
779 4224 1203 4306 cujuscumque
1234 4226 1426 4287 aetatis
1459 4239 1743 4303 personas
1770 4218 2150 4297 confingant·
2191 4213 2366 4279 etiam
2408 4213 2491 4272 ita
