3050 4942
835 443 843 450 ,
931 391 1247 442 Annum
1291 393 1460 442 Aer.
1507 395 1611 443 ιν.
1657 393 1764 444 se.
1811 397 1881 444 V.
2371 380 2505 449 8⁶7

308 532 491 597 Nam
519 534 663 617 pol,
690 533 750 598 si
777 533 849 600 id
879 536 1178 614 scissem,
1205 556 1546 620 nunquam
1573 538 1704 603 huc
1733 538 2111 605 tetulissem
2140 536 2423 623 pedem:
2462 557 2471 567 ·

304 634 583 718 Semper
602 638 772 701 enim
800 637 984 702 dicta
1010 637 1090 702 ’st
1120 639 1270 720 ejus
1299 639 1473 717 haec,
1503 647 1711 724 atque
1736 640 1968 706 habita
1996 641 2086 705 'st
2117 660 2328 707 soror.

304 736 485 815 Quae
514 739 696 803 illius
725 739 1010 816 fuerunt,
1039 740 1355 822 possidet.
1447 742 1645 806 Nunc
1675 763 1783 806 me
1814 743 2151 825 hospitem
2414 744 2501 807 15

302 838 496 904 Lites
524 842 740 925 sequi,
783 863 981 926 quam
1009 843 1118 907 hic
1147 843 1308 906 mihi
1338 844 1427 908 sit
1454 843 1654 909 facile
1680 849 1884 928 atque
1911 845 2096 924 utile,

298 939 610 1007 Aliorum
638 946 951 1028 exempla
984 951 1427 1011 commonent.
1516 948 1728 1014 Simul
1759 948 2062 1025 arbitror,

298 1044 346 1110 J
350 1065 463 1110 am
494 1048 788 1133 aliquem
819 1067 970 1112 esse
999 1048 1283 1112 amicum
1319 1055 1389 1113 et
1417 1048 1828 1113 defensorem
1857 1051 1955 1115 ei:
2005 1071 2159 1116 nam
2182 1052 2314 1116 sere

300 1147 800 1214 Grandiuscula
818 1150 965 1233 jam
992 1149 1302 1233 profecta
1327 1149 1412 1215 'st
1439 1150 1668 1215 illinc:
1713 1150 2078 1230 clamitent,

300 1249 422 1313 Me
449 1253 964 1335 sycophantam,
994 1251 1425 1319 haereditates
1454 1236 1790 1336 pefsequi,
2410 1256 2502 1321 20

276 1466 565 1525 faventibus
582 1469 803 1530 auspiciis
820 1468 911 1518 luae
928 1469 1118 1532 appuli.-
1153 1484 1261 1518 nam
1290 1470 1387 1531 pol,
1421 1469 1465 1517 si
1499 1469 1734 1520 scivissem
1761 1472 2033 1538 Glycerium
2058 1478 2278 1536 parentes
2309 1488 2402 1522 non
2422 1487 2498 1522 re·

290 1533 871 1658 'ffi’ss'52‘2‘2-'2332
902 1535 1306 1647 'ffirmz‘isszzrf
1324 1548 1558 1646 iffi?
1594 1538 1719 1647 Ὗ
1736 1537 2497 1661 -ἶῖαξὴᾞῗὲἷᾟῗῗήῖῗ-Ξὲἕὲ

295 1667 441 1722 atque
459 1663 577 1711 utile
595 1633 704 1710 liies
723 1614 893 1712 lingere
911 1663 1009 1721 hic,
1027 1614 1251 1711 iffiliena
1270 1634 1448 1725 patria,
1469 1615 1673 1725 plunprffa
1683 1616 1915 1727 &cremplh
1927 1617 2113 1715 zonat.
2178 1667 2334 1729 Atque
2354 1668 2499 1715 etium

296 1728 464 1787 opinor
488 1727 762 1791 Glycerium
784 1727 893 1787 jam
926 1728 1131 1789 aliquem
1166 1730 1370 1775 amicum
1407 1728 1576 1776 habere
1608 1733 1655 1778 et
1676 1727 1960 1788 defensorem
1980 1735 2231 1792 paratum:
2267 1731 2499 1788 namsere

292 1791 633 1852 grandiuscula
660 1797 802 1841 oetate
834 1807 896 1841 ex
914 1792 1084 1842 Andro
1117 1792 1207 1840 huc
1241 1792 1449 1841 Athenas
1477 1793 1723 1855 migravit.
1798 1794 1972 1843 Vereor
1991 1810 2050 1843 ue
2082 1810 2154 1844 me
2183 1795 2277 1858 ipsi
2297 1797 2500 1845 clament

1220 1972 1455 1992 ‘OOC-‘Ob‘
1461 1972 1578 1992 ‘000'

298 2092 566 2155 auspicato
607 2094 708 2145 huc
744 2109 829 2144 me
871 2095 1087 2159 appuli!
1149 2097 1238 2147 Ita
1272 2098 1480 2161 quidem
1522 2097 1803 2147 Putschius
1843 2096 2028 2146 dedit:
2081 2096 2173 2145 sed
2210 2095 2376 2144 nostri
2420 2094 2496 2149 ibi

297 2159 461 2209 codd.
477 2159 639 2220 attuli,
659 2167 718 2209 ut
742 2167 797 2209 et
819 2159 890 2209 illi
915 2175 1040 2225 quos
1071 2162 1138 2212 G.
1157 2163 1218 2212 F.
1253 2170 1309 2212 et
1344 2164 1400 2212 F.
1418 2164 1474 2212 F.
1497 2164 1885 2212 consuluerunt.
1925 2162 2065 2210 Bent.
2132 2160 2280 2210 Lind.
2312 2161 2495 2223 appuli,

296 2230 356 2272 ut
390 2225 443 2272 in
487 2223 577 2273 lib.
614 2225 773 2289 antiq.
797 2224 931 2274 Perl.
994 2228 1175 2290 Appuli
1212 2227 1337 2276 dant
1359 2228 1449 2276 Br.
1475 2229 1535 2277 Ζ.
1572 2228 1731 2276 Both.
1764 2227 1853 2290 qni
1878 2225 2006 2289 legit
2029 2226 2109 2274 Ah
2143 2240 2239 2288 pro
2261 2224 2495 2275 ,Am—13

295 2286 426 2348 Alii,
459 2290 743 2349 retulissem,
766 2295 1035 2353 corrupte,
1057 2292 1254 2354 opinor.
1295 2293 1444 2342 West.
1513 2292 1791 2341 Tetulissem
1815 2290 2101 2340 Diomedes
2119 2291 2207 2339 lib.
2228 2304 2268 2340 1.
2285 2304 2348 2338 ac
2367 2289 2498 2339 Mss.

295 2352 443 2402 Lina.
513 2353 814 2403 retulissem.-
846 2354 922 2403 sic
946 2355 1244 2405 Plautinum
1269 2363 1347 2405 est
1369 2359 1420 2405 in
1446 2358 1652 2419 plurim.
1676 2356 1805 2406 libb.
1830 2355 1914 2404 Al.
1935 2356 2145 2404 retuliss.
2164 2355 2247 2404 Al.
2285 2354 2496 2404 detuliss.

296 2417 577 2468 Perl.—-l4
624 2419 746 2481 Eius
777 2420 932 2468 Bodl.
980 2435 1080 2468 non
1114 2422 1365 2484 agnoscit.
1409 2423 1562 2473 West.
1628 2422 1696 2471 G.
1728 2427 1783 2470 et
1826 2420 1939 2469 ET.
1994 2419 2189 2482 Semper
2227 2418 2325 2480 ejus
2367 2419 2497 2468 dicta

296 2496 395 2532 esse
417 2483 533 2532 hoec.
599 2483 680 2533 Id.
722 2484 774 2532 in
798 2483 945 2532 Add.
985 2485 1139 2534 Dicta
1161 2492 1231 2535 est
1264 2486 1365 2547 ejus
1396 2487 1526 2536 hoec:
1565 2486 1766 2536 variant
1803 2485 1888 2534 hic
1921 2485 2102 2547 scripti
2125 2484 2360 2533 codices:
2395 2484 2498 2544 ‘gius

296 2547 427 2597 dicta
447 2562 544 2597 esse
563 2547 693 2597 hoec:
727 2548 818 2597 sed
843 2549 1026 2597 melius
1052 2550 1187 2613 quod
1212 2551 1261 2598 in
1288 2551 1350 2599 R.
1416 2552 1614 2613 Semper
1633 2551 1758 2599 enim
1777 2551 1909 2598 dicta
1940 2549 2039 2609 eius
2058 2550 2172 2597 ltoec.
2194 2548 2345 2598 Lind.
2407 2548 2497 2597 Sic

297 2611 364 2660 V.
387 2618 443 2660 et
468 2614 590 2661 Bas.
624 2613 823 2674 Semper
839 2615 963 2662 enim
985 2614 1114 2664 dicta
1134 2620 1205 2664 est
1237 2630 1333 2664 esse
1354 2616 1472 2676 haec,
1491 2621 1633 2678 atque
1665 2614 1828 2662 hahita
1849 2619 1922 2664 est
1941 2627 2091 2661 soror.
2159 2611 2367 2677 Reliqui
2390 2625 2497 2660 om-

294 2688 390 2725 nes
417 2677 622 2739 Faerni,
651 2677 842 2740 Semper
873 2678 988 2739 eius,
1024 2681 1102 2741 ᾅτ.
1173 2680 1313 2742 Lege
1349 2679 1543 2743 Semper
1581 2680 1625 2727 ei
1660 2678 1789 2726 dicta
1822 2684 1893 2727 est
1924 2691 2023 2726 esse
2061 2678 2161 2725 hoec
2202 2682 2363 2739 atque,
2414 2678 2497 2738 qe.

295 2740 483 2790 Sensus
503 2750 583 2791 est
605 2742 810 2803 gravior
837 2757 931 2806 per
955 2743 1224 2805 asyndeta,
1245 2744 1447 2792 sublato
1473 2744 1615 2793 enim.
1637 2742 1792 2791 Bent.
1904 2741 2098 2804 Semper
2132 2740 2232 2801 eius
2264 2741 2393 2788 dicta
2425 2744 2497 2788 est

297 2820 418 2866 esse,
438 2811 579 2870 atque
616 2807 778 2855 habita
813 2812 884 2855 est
916 2821 1046 2855 soror
1078 2808 1178 2856 liaec
1204 2809 1305 2869 ΒΓ.
1373 2808 1497 2857 Hoec
1533 2821 1712 2869 semper
1743 2821 1840 2856 esse
1876 2807 2008 2854 dicta
2056 2811 2127 2854 est
2169 2811 2308 2869 atque
2339 2804 2498 2853 Both.

298 2869 484 2920 Perlet
507 2878 683 2920 monet
706 2869 886 2920 Guelf.
917 2875 964 2919 2.
998 2871 1187 2921 habere
1209 2886 1305 2920 esse
1323 2873 1423 2921 laec
1453 2874 1564 2922 sine
1589 2872 1706 2932 ejus,
1725 2872 1850 2920 etin
1877 2869 2053 2919 Guelf.
2075 2875 2123 2919 3.
2153 2871 2274 2933 poni
2307 2872 2323 2898 ‘
2344 2882 2460 2917 esse
2478 2866 2496 2889 ’

301 2942 422 2996 post
454 2938 472 2964 ‘
495 2935 747 2985 est.'——16
768 2936 876 2984 Pro
910 2936 988 2984 hic
1021 2938 1141 3000 lego
1164 2938 1234 2995 id,
1257 2938 1323 2985 ob
1361 2935 1516 2986 fidem
1555 2945 1779 3001 quatuor
1798 2934 1951 2985 codd.
1979 2936 2399 2999 antiquorum,et
2427 2932 2497 2982 ob

300 3014 522 3050 sensum.
559 3001 713 3056 Nam,
736 3015 851 3049 cum
886 3003 900 3027 ‘
929 3001 1155 3049 Aliorum
1180 3002 1421 3063 exempla
1439 3001 1453 3022 '
1477 3002 1639 3062 dicat,
1664 3016 1764 3049 non
1789 3001 1922 3050 solas
1948 2999 2183 3049 Athenas
2201 3000 2313 3049 vult
2335 2997 2490 3046 intel-

298 3064 408 3126 ligi,
430 3065 523 3114 sed
549 3066 780 3129 quamvis
804 3065 1088 3115 civitatem.
1123 3068 1270 3115 Beni.
1337 3067 1398 3116 Id
1441 3066 1536 3116 dat
1575 3067 1729 3116 Both.
1770 3068 1925 3122 Quam
1959 3065 2079 3114 mihi
2117 3063 2291 3114 Guelf.
2313 3067 2497 3113 3.-·-18

303 3130 380 3179 Ei.
406 3131 472 3179 G.
495 3144 612 3179 cum
635 3130 747 3179 ΕΤ.
781 3137 839 3179 et
870 3132 994 3179 EM.
1026 3134 1141 3193 ejus.
1173 3132 1339 3182 West.
1404 3132 1527 3193 Ejus
1564 3133 1629 3181 V.
1654 3133 1714 3182 C.
1754 3132 1900 3180 Lind.
1968 3130 2286 3181 concinnius
2308 3128 2429 3189 erit,
2452 3128 2498 3177 si

299 3208 416 3243 cum
453 3201 675 3257 quatuor
698 3195 851 3244 codd.
875 3203 931 3245 et
965 3194 1198 3245 editione
1233 3203 1335 3246 vet.
1379 3197 1640 3245 collocesz
1675 3198 1791 3246 Jam
1814 3210 1923 3245 ,esse
1957 3197 2177 3259 aliquem,
2218 3198 2298 3257 ὅγε.
2334 3195 2494 3244 Bent.

297 3259 427 3308 Mss.
451 3260 576 3309 Par.
598 3262 697 3323 eJ'us
731 3275 824 3322 pro
861 3260 906 3308 ei
945 3261 1110 3309 minus
1146 3262 1432 3323 eleganter.
1468 3262 1602 3309 Perl-
1673 3262 1793 3320 Ey'us
1812 3261 1901 3310 Br.
1942 3261 2055 3309 Esse
2076 3260 2190 3322 aliq.
2213 3260 2498 3309 Both—19

299 3324 361 3373 R.
381 3323 661 3388 profecta’st
693 3325 823 3373 illine
844 3326 995 3374 clam.-
1036 3325 1296 3385 clamitent,
1316 3329 1394 3389 850.
1430 3325 1713 3374 Lind.--20
1749 3326 2098 3373 Hoereditatem
2134 3325 2203 3374 G.
2240 3325 2344 3372 ET.
2371 3322 2496 3372 EM.

306 3389 462 3440 West.
529 3390 694 3439 Codd.
726 3405 922 3454 omnes»,
946 3390 1312 3453 Hoereditatem,
1354 3404 1428 3439 sc.
1454 3391 1588 3439 hanc
1623 3390 1906 3452 Chrysidis.
1950 3390 2159 3439 Melius.
2229 3389 2496 3459 Ceterum,

1295 3567 1508 3618 NOTAE

299 3714 507 3778 picato’
531 3729 653 3764 vero
677 3714 954 3778 significat,
989 3715 1229 3780 auspiciis
1269 3729 1357 3764 ne·
1502 3719 1567 3763 20
1602 3711 1973 3777 Sycophantam]
2021 3712 2151 3763 Cum
2207 3711 2260 3759 in
2315 3708 2500 3760 Attica

297 3790 504 3855 glectis.
540 3792 629 3857 Et,
644 3793 882 3856 quoniam
904 3794 1120 3842 Romani
1140 3793 1265 3842 nihil
1282 3793 1358 3842 in·
1437 3805 1622 3854 magna
1644 3796 1787 3839 esset
1807 3788 1996 3838 ficuum
2030 3785 2200 3851 copia,
2222 3787 2287 3835 ad
2310 3800 2395 3835 eas
2418 3800 2499 3834 as-

297 3867 585 3930 cipiebant,
625 3868 724 3917 nisi
763 3870 944 3918 sumtis
987 3870 1245 3934 auspiciis,
1283 3870 1358 3918 id·
1438 3866 1718 3923 servandas
1767 3865 1977 3928 publice
2015 3862 2258 3913 custodes
2305 3869 2498 3912 statue-

298 3943 461 4006 circo,
500 3944 516 3971 ‘
538 3944 891 4009 inauspicato’
927 3960 1042 4010 pro,
1061 3945 1359 4010 infeliciter,
1443 3945 1649 4006 bantur,
1684 3943 1773 4006 qui
1817 3941 2146 4005 sycophantas
2191 3939 2318 3991 dicti
2360 3943 2501 3999 sunt,

300 4025 596 4082 usurpatur.
1437 4018 1532 4069 ἀπὸ
1550 4019 1637 4068 τοῦ
1653 4019 1775 4067 σῦκα
1792 4017 2054 4080 φαίνεσθαι,
2075 4015 2127 4065 id
2148 4022 2247 4076 est,
2269 4010 2393 4064 ficus
2410 4015 2499 4064 de·

365 4101 429 4146 16
465 4097 621 4152 Quom
654 4097 773 4147 milii
792 4097 856 4146 sit
869 4097 1019 4157 facile
1052 4102 1192 4160 atque
1212 4096 1355 4161 utile]
1440 4096 1609 4146 ferre:
1656 4096 1791 4161 quod
1830 4107 2079 4143 accusare
2118 4093 2349 4143 solerent
2389 4105 2503 4156 eos,

300 4172 539 4224 Donatus
582 4175 983 4240 interpretatur,
1023 4173 1234 4224 difficile
1281 4180 1357 4223 at·
1439 4173 1527 4239 qui
1551 4174 1679 4224 ficus
1696 4176 1991 4237 carperent.

305 4264 402 4313 que
420 4249 626 4307 inutile.
