3050 4942
520 345 654 413 488
1268 357 1335 405 ι’.
1384 353 1756 404 runnu-ru
1806 350 1984 402 arm

506 503 655 573 Sed
700 503 908 569 Thais
951 502 1162 568 multo
1209 508 1366 567 ante
1405 501 1640 567 venit‘l
1729 497 1868 564 P'Y.
1915 496 2317 564 ’Anne-abiit.
2338 498 2561 583 jam‘a
2587 491 2728 563 Mi·-

774 607 892 671 lite
913 607 944 671 ‘l

517 711 653 777 cn.
699 711 746 776 J
751 709 1155 791 amdudum3
1185 712 1491 776 aetatem:
1520 707 1678 772 lites
1711 713 1868 773 sunt
1906 706 2073 772 inter
2100 726 2222 772 eos
2252 706 2453 772 factae
2484 724 2725 770 maxu-

516 917 657 983 PY.
706 834 1103 982 Nax-dixit
1131 920 1294 994 tum,
1342 919 1420 979 ut
1464 931 1817 998 sequerere
1862 913 2060 977 sese'l
2148 911 2287 977 CH.
2335 910 2549 988 Nihil,
2587 911 2723 976 nisi

778 1019 1008 1085 abiens
1034 1017 1199 1082 mihi
1227 1018 1468 1084 innuit.

514 1124 660 1190 ΡΥ.
705 1122 876 1202 Eho,
903 1141 1120 1187 nonne
1149 1120 1219 1186 id
1247 1128 1356 1188 sat
1388 1122 1583 1188 erat?
1674 1119 1813 1185 CH.
1857 1116 1955 1183 At
1983 1119 2365 1184 nesciebam
2394 1115 2462 1181 id
2499 1115 2723 1180 dicere
2769 1138 2789 1153 ·

777 1227 1000 1305 illam3
1037 1226 1171 1292 nisi
1199 1227 1364 1310 quia
2636 1218 2722 1282 10

516 1328 832 1394 Οοηθκὶῐ
863 1327 1091 1408 Miles»,
1150 1329 1336 1413 quod
1398 1327 1700 1393 intellexi
1756 1327 2021 1393 minus:
2073 1343 2230 1390 nam
2285 1341 2390 1387 me
2433 1321 2725 1386 extrusit

772 1433 981 1498 forae.

520 1632 666 1680 multo
687 1636 797 1681 nate
831 1637 1051 1696 tempore,
1074 1648 1214 1698 quam
1239 1635 1486 1694 tenuissem,
1520 1631 1666 1681 Thais
1686 1630 1764 1681 laic
1788 1630 1930 1691 fuit?
1991 1630 2097 1679 ΡΥ.
2132 1630 2268 1679 Anne
2288 1627 2410 1678 abiit
2428 1628 2513 1676 illa
2531 1623 2641 1687 jam
2661 1639 2727 1673 ex

519 1697 652 1745 domo
676 1694 894 1747 Militis?
960 1698 1065 1749 CH.
1098 1700 1213 1748 Jam
1234 1705 1352 1748 cetos
1373 1703 1462 1758 est,
1484 1714 1548 1747 ex
1568 1713 1657 1761 quo
1679 1711 1867 1759 egressa
1889 1697 1948 1746 ab
1968 1698 2079 1744 illo.-
2111 1695 2235 1743 rixoe
2251 1694 2377 1742 inter
2395 1695 2503 1741 illos
2531 1690 2723 1753 gravis-

514 1762 655 1810 ’σῦκα
682 1766 801 1811 ortoe
830 1767 959 1813 sunt.
1023 1764 1132 1811 ΡΥ.
1166 1765 1334 1813 Nen'ne
1366 1768 1479 1812 tunc
1515 1764 1603 1811 illa
1622 1763 1749 1812 dixit
1783 1762 1871 1810 tibi
1902 1767 1958 1811 nt
1981 1776 2033 1810 se
2063 1762 2351 1823 sequereris?
2416 1758 2522 1807 Cn.
2559 1754 2723 1806 Nihil.

517 1826 618 1874 nisi
655 1828 776 1890 quod
797 1828 958 1877 abiens
980 1828 1098 1877 mihi
1130 1835 1250 1878 nutu
1287 1829 1459 1893 capitis
1479 1829 1673 1889 signnm
1691 1826 1837 1887 fecit.
1890 1828 1992 1877 ΡΥ.
2032 1826 2156 1884 Eleo,
2186 1840 2335 1873 nonne
2355 1824 2407 1873 id
2435 1820 2729 1888 sufficiebat?

521 1890 630 1942 Cn.
663 1893 734 1940 At
769 1892 1026 1941 nesciebam
1057 1894 1189 1942 illum
1215 1894 1332 1943 milui
1364 1898 1482 1943 nutu
1515 1889 1806 1955 significare,
1838 1897 1894 1940 ut
1929 1891 2079 1954 ipsam
2110 1904 2356 1953 sequerer;
2397 1892 2480 1937 sed
2514 1885 2565 1936 id
2633 1886 2727 1933 uod

508 1955 675 2005 Mnus
696 1957 931 2022 intellexi,
964 1957 1017 2007 id
1046 1959 1581 2025 apertius-significauit
1613 1959 1779 2020 Miles,
1818 1972 1922 2007 cum
1942 1972 2016 2007 me
2046 1956 2273 2005 violenter
2292 1954 2564 2004 exwrbaeieit

1435 2131 1770 2156 „Hecataeo

515 2258 672 2309 modo
693 2265 750 2309 et
785 2260 925 2324 prius
956 2260 1183 2310 habebnt
1215 2261 1298 2310 vi.
1332 2268 1390 2311 nt
1425 2261 1595 2312 adhuc
1631 2263 1786 2312 litura
1820 2262 2159 2312 demonstrat.
2220 2260 2340 2310 Hoc
2362 2264 2534 2307 autem
2558 2254 2722 2305 verbo

514 2326 530 2352 ⁸
549 2324 686 2384 erit‚'
719 2326 915 2390 antiqui
937 2326 1096 2374 etiam
1119 2327 1399 2389 praesentia
1420 2334 1475 2375 et
1499 2328 1766 2390 praeterita
1787 2328 2174 2384 asseverabant.
2210 2326 2297 2374 Fa.
2340 2323 2520 2374 Nostri
2541 2334 2723 2370 omnes

505 2394 615 2445 ests
638 2395 696 2437 ut
716 2387 853 2438 And.
874 2403 940 2439 11.
963 2396 1011 2440 5.
1034 2395 1114 2439 15.
1150 2392 1165 2418 ‘
1187 2390 1380 2440 Verum
1404 2391 1530 2439 illud
1553 2392 1769 2442 verbum
1792 2392 1908 2443 est?
1972 2393 2027 2440 Si
2049 2397 2118 2440 est
2140 2391 2336 2455 placet,
2358 2403 2453 2450 pro
2474 2388 2579 2437 sine
2599 2385 2719 2448 lege

514 2454 703 2517 absque.
768 2454 977 2504 Poteris
1014 2456 1170 2504 etiam
1209 2460 1333 2506 erat.
1398 2457 1502 2506 Sed
1541 2458 1632 2506 erit
1667 2472 1768 2508 non
1808 2464 1893 2507 est
1929 2456 2304 2507 solicitandum.
2341 2454 2489 2503 Beue.
2559 2453 2717 2500 Bent.

516 2520 649 2568 bene
673 2517 840 2570 edidit
873 2521 981 2571 erit.
1016 2521 1076 2569 R.
1100 2521 1173 2569 D.
1208 2519 1290 2569 Id.
1315 2520 1441 2571 dant
1468 2523 1588 2585 Bip.
1611 2523 1767 2573 Both.
1791 2523 2031 2572 Perl.—7
2064 2521 2146 2570 An
2170 2519 2237 2569 G.
2271 2520 2373 2568 ET.
2398 2518 2522 2567 ΕΜ.
2564 2517 2715 2565 West.

502 2584 785 2633 “Particula
804 2600 863 2635 ne
884 2599 987 2634 non
1008 2594 1090 2634 est
1111 2586 1165 2635 in
1189 2585 1462 2637 Bembino.
1533 2587 1595 2636 In
1620 2588 1721 2638 alio
1743 2602 1944 2653 quoque
1964 2587 2098 2636 libro
2124 2591 2329 2635 vetusto
2348 2584 2576 2634 deletam
2601 2594 2718 2630 eam

514 2649 720 2698 inveni:
759 2658 814 2699 et
835 2655 980 2701 certe
998 2665 1099 2699 non
1122 2658 1207 2700 est
1227 2652 1540 2701 necessaria.
1575 2652 1663 2702 Fa.
1729 2656 1871 2703 Anne
1889 2652 2071 2715 scripti
2096 2650 2347 2715 plerique.
2381 2650 2397 2676 ‘
2418 2647 2567 2697 Abiit
2583 2645 2599 2667 '
2631 2646 2716 2695 hie

508 2712 803 2778 disyllabon
826 2722 924 2766 est.
989 2716 1154 2765 Porro
1178 2716 1312 2778 lege,
1334 2718 1479 2767 multo
1500 2732 1574 2766 me
1595 2718 1851 2768 antevenit.
1884 2718 2041 2767 Bent.
2109 2716 2245 2765 Anne
2265 2715 2388 2762 Vet.
2417 2712 2544 2762 Cod.
2566 2711 2715 2760 Lina.

511 2779 594 2828 An
616 2779 675 2829 Z.
700 2781 821 2844 Bip.
859 2781 1014 2831 Both.
1083 2782 1169 2830 Me
1197 2783 1454 2831 antevertit
1489 2783 1745 2833 Both.--s
1778 2783 1865 2832 Ita
1885 2783 2083 2833 colloca
2104 2782 2219 2830 haec
2243 2780 2401 2829 verba
2431 2792 2495 2825 ex
2532 2791 2584 2826 o.
2616 2777 2651 2825 1.
2672 2789 2715 2824 s·

496 2843 652 2902 sactoe
669 2851 779 2895 eunt
800 2845 927 2895 inter
944 2861 1036 2896 eos.
1071 2847 1162 2896 Fa.
1231 2846 1317 2896 Sic
1353 2853 1480 2897 vett.
1517 2846 1648 2898 Edd.
1674 2855 1731 2897 et
1752 2848 1918 2911 maj0r
1947 2854 2235 2896 nostrorum
2261 2859 2395 2907 pars.
2417 2844 2579 2892 «Beni.
2647 2841 2716 2891 Et

510 2909 587 2957 sic
605 2909 732 2962 dant
748 2912 907 2960 Bent.
934 2911 1050 2975 Bip.
1073 2911 1228 2961 Both.
1253 2912 1396 2960 Perl.
1431 2913 1619 2974 Delph.
1689 2914 1932 2963 Ceterum
1958 2913 2051 2960 dat
2069 2913 2224 2961 Both.
2252 2911 2307 2958 J.
2331 2913 2536 2957 ‹etatem-
2607 2905 2715 2955 ΡΥ.

512 2971 660 3049 iguo!
726 2976 832 3024 Cn.
868 2975 1025 3038 Lites,
1046 2978 1128 3038 ᾃτ.
1164 2983 1220 3024 et
1254 2985 1460 3025 monet:
1497 2982 1511 3005 ‘
1532 2976 1670 3026 Illud
1701 2978 1800 3027 Eho
1822 2978 2043 3026 habetur
2076 2976 2126 3026 in
2151 2976 2219 3037 B,
2242 2990 2337 3023 uec
2361 2970 2713 3037 spernendum

510 3037 925 3087 videbatur.’—9
958 3041 1036 3107 Μ.
1062 3037 1206 3088 Nihil
1224 3040 1353 3089 dixit
1374 3046 1501 3091 tunc.
1559 3043 1817 3093 Revocavi
1843 3050 2014 3092 autem
2038 3047 2141 3091 tum
2165 3056 2231 3090 ex
2290 3037 2558 3089 uibusdam
2582 3033 2713 3085 Mss.

504 3107 569 3175 et
589 3101 743 3150 editis
769 3101 1135 3165 antiquissimis
1156 3111 1213 3152 et
1243 3106 1705 3170 praestantissimis,
1737 3106 1827 3156 sed
1866 3114 1923 3157 et
1959 3108 2189 3157 Donato.
2288 3103 2504 3169 inpressi
2535 3115 2714 3151 recen-

510 3170 671 3213 tiores
694 3166 957 3216 omittunt.
1024 3168 1129 3217 Ms.
1154 3167 1296 3230 Lips.
1328 3175 1383 3218 ut
1419 3174 1472 3218 tu
1504 3186 1762 3233 sequerere.
1791 3174 1957 3222 West.
2025 3171 2203 3235 Aliqui
2239 3170 2356 3219 libri
2396 3175 2451 3217 et
2482 3170 2587 3218 Do.
2613 3179 2712 3215 uon

498 3229 706 3306 habent
726 3235 862 3288 tum3
894 3237 967 3292 et,
991 3246 1085 3296 pro
1105 3247 1165 3282 ea
1187 3232 1432 3294 dictione,
1466 3236 1517 3283 in
1543 3237 1691 3288 Beni.
1724 3244 1804 3286 est
1824 3242 1879 3286 tu
1895 3254 1911 3286 .·
1946 3237 2068 3285 mihi
2092 3247 2363 3300 utriunque
2386 3240 2443 3282 et
2464 3239 2518 3281 tu
2540 3238 2598 3281 et
2612 3238 2715 3280 tun

508 3301 730 3344 otiosum
746 3296 998 3372 ‘videturc
1016 3298 1107 3348 Fa.
1171 3298 1336 3348 Immo
1360 3300 1481 3349 illud
1504 3307 1561 3349 tu
1583 3316 1728 3351 suam
1752 3303 1836 3351 hie
1856 3302 2122 3365 emphasin
2146 3293 2322 3362 liabet,
2346 3305 2401 3349 et
2424 3314 2452 3346 a
2478 3298 2568 3347 Fa.
2596 3307 2711 3360 pet·-

508 3373 686 3437 peram
710 3370 934 3424 ejectum
965 3370 1065 3412 est.
1131 3365 1253 3414 Duo
1291 3379 1358 3413 ex
1393 3367 1581 3414 nostris
1619 3368 1882 3416 veterrimi
1922 3372 2012 3425 επις
2045 3366 2209 3416 ceteri
2244 3370 2363 3414 tum.
2395 3364 2555 3413 Bent.
2627 3360 2715 3410 Nil

507 3426 657 3488 duxti,
676 3431 730 3474 tu
750 3427 827 3490 ut]
861 3427 946 3476 Al.
977 3429 1112 3477 male
1133 3430 1262 3478 dixit
1285 3435 1403 3494 tum,
1424 3435 1495 3481 ut.
1562 3431 1644 3481 ΑΙ.
1664 3432 1911 3482 omittunt
1933 3438 2004 3492 tte,
2027 3433 2160 3496 quod
2182 3430 2535 3490 rescribimus,
2556 3428 2712 3476 Bem-

507 3489 632 3541 bino
656 3491 783 3552 nixi,
799 3507 915 3540 eum
941 3494 1093 3542 Bent.
1116 3499 1173 3542 et
1204 3496 1307 3543 Ms.
1337 3496 1483 3559 Lips.
1503 3502 1560 3545 ut
1582 3504 1634 3545 tu
1654 3511 1751 3559 seq.
1776 3497 1899 3561 Bip.
1966 3497 2054 3546 Sic
2093 3504 2148 3545 et
2185 3495 2341 3545 Both.
2379 3494 2447 3542 N.
2469 3496 2518 3541 d.
2541 3497 2595 3541 ut
2616 3506 2712 3555 seq.

511 3555 705 3632 z·.-'²⁰
741 3556 995 3606 Nescibom
1015 3558 1173 3607 Bent.
1197 3558 1317 3622 Bip.
1353 3560 1511 3610 Both.
1549 3562 1824 3611 Perl.-—-ll
1863 3562 2001 3612 Corr.
2035 3577 2111 3611 me
2139 3562 2226 3610 Μ.·
2252 3560 2378 3609 Mss.
2414 3558 2623 3621 quidam
2654 3565 2712 3605 et

508 3620 658 3672 editi.
723 3622 809 3673 Me
845 3622 1049 3672 excussit
1087 3622 1212 3674 EM.
1266 3623 1420 3676 West.
1487 3626 1623 3676 Post
1669 3628 1684 3656 ‘
1702 3627 1869 3677 miuus
1885 3627 1901 3650 ’
1948 3627 2240 3690 interrogat
2282 3624 2405 3688 Bip.
2474 3624 2582 3686 Ego
2618 3622 2707 3671 int.

1494 3787 1716 3840 NOTAE

544 3967 547 3970 Α
571 3919 605 3964 6
637 3912 754 3964 Sine
771 3914 943 3966 Cerere
960 3920 1006 3964 et
1023 3915 1359 3980 Liberofriget
1386 3918 1565 3984 Venus]
1648 3927 1719 3969 to.
1764 3921 2021 3985 Voluptas
2043 3920 2094 3969 in
2118 3919 2290 3968 calore
2312 3916 2576 3982 sanguinis
2591 3929 2710 3967 eon·-

500 3991 669 4041 Ceres
712 3997 793 4040 est
824 3991 939 4040 Dea
977 3990 1204 4060 frugum,
1239 4002 1295 4044 et
1326 3996 1564 4044 Bacchus
1646 3997 1835 4045 stituta
1853 4001 1954 4055 est,
1977 3993 2160 4061 quibis
2183 3993 2335 4044 rebus
2360 3995 2535 4044 alitur.
2603 3994 2708 4044 Ho-

502 4067 646 4119 vini:
692 4069 963 4133 eleganter
999 4071 1272 4122 Terentius
1316 4073 1563 4123 Cererem
1645 4073 1835 4122 ratius:
1870 4074 1885 4100 ‘
1914 4074 2034 4122 Non
2077 4071 2212 4121 enim
2252 4070 2469 4134 posthae
2506 4071 2605 4121 alia
2626 4085 2707 4120 ea·

507 4153 604 4207 pro
620 4144 758 4208 cibo,
782 4146 1042 4196 Bacchum
1061 4161 1156 4212 pro
1180 4150 1299 4200 vino
1318 4149 1451 4199 dixit
1470 4162 1565 4213 per
1646 4147 1767 4199 lebo
1814 4148 2082 4199 Foemina.'
2159 4147 2378 4211 Frigent
2426 4148 2481 4197 in
2525 4159 2708 4197 uxore·

496 4219 904 4284 metonymam,;
941 4222 1258 4275 inventorem
1278 4240 1371 4291 pro
1388 4226 1565 4277 iuven·
1646 4225 1840 4288 mariti,
1859 4225 2069 4291 quinon
2090 4223 2362 4276 admodum
2384 4230 2581 4275 ament.
