3050 4942
932 383 1027 429 De
1072 377 1355 430 Meritis
1396 379 1942 427 ‘rsssssu'rmms
2387 364 2517 428 237

1241 586 1601 644 CAESURA.

404 720 600 779 Omne
627 737 895 779 versuum
928 736 1117 797 genus
1145 736 1312 776 suam
1341 717 1521 775 habet
1544 734 1830 775 caesuram
1860 716 1985 775 sive
2013 715 2378 789 incisionem,
2401 737 2521 796 qua

334 818 573 876 verbum
601 817 962 886 terminatur,
1003 824 1066 874 et
1103 834 1217 873 vox
1257 814 1316 871 in
1348 813 1598 873 decursu
1633 813 1869 892 paulum
1899 813 2325 891 interquiescit.
2412 815 2524 873 Illa

335 911 453 972 fere
481 932 713 972 caesura
737 912 1024 971 Romanis
1051 910 1291 990 placuit,
1319 928 1453 989 quae
1482 908 1544 968 in
1572 909 1763 989 priore
1792 908 1948 969 tertii
1975 910 2146 988 pedis
2177 910 2405 990 syllaba
2426 913 2520 970 fit:

338 1017 403 1066 ut
428 1008 491 1066 in
519 1006 754 1068 heroico
779 1028 793 1066 ε

577 1121 759 1179 Arma
781 1121 1084 1198 virumque
1112 1138 1263 1178 cano
1298 1117 1310 1201 Ι
1345 1118 1536 1197 Trojae
1564 1119 1662 1197 qui
1690 1117 1911 1197 primus
1942 1119 2015 1179 ab
2045 1119 2162 1181 oris

571 1215 804 1275 Italiam
831 1216 952 1276 fato
988 1215 999 1298 Ι
1034 1216 1318 1296 profugus
1350 1215 1684 1296 Lavinaque
1713 1216 1873 1274 venit

581 1312 825 1384 Littora,
852 1313 1098 1371 multum
1124 1312 1221 1372 ille
1245 1322 1306 1372 et
1340 1311 1350 1394 Ι
1385 1312 1554 1371 terris
1572 1313 1834 1391 jactatus
1862 1320 1922 1373 et
1952 1313 2073 1373 alto

581 1408 656 1466 Vi
684 1429 976 1488 superum,
1006 1429 1180 1469 saevae
1214 1407 1228 1491 Ι
1262 1427 1577 1469 memorem
1606 1409 1859 1469 Junonis
1888 1411 1964 1469 ob
1989 1411 2154 1470 iram.

339 1539 526 1597 Varro
572 1538 812 1618 quidem
861 1540 1022 1620 apud
1070 1540 1327 1601 Gellium
1373 1560 1586 1600 xvnx.
1621 1542 1713 1599 15.
1765 1541 1964 1602 scribit
2000 1542 2343 1603 observasse
2373 1563 2436 1603 se
2466 1545 2527 1602 in

338 1654 512 1695 versu
539 1634 901 1710 hexametr0‚
943 1637 1101 1717 quod
1133 1637 1469 1698 omnimodo
1496 1636 1737 1716 quintus
1782 1637 2035 1716 semipes
2076 1637 2164 1716 (id
2210 1648 2321 1711 est,
2371 1641 2530 1718 prior

340 1730 510 1810 pedis
553 1733 707 1793 tertii
749 1734 1003 1814 syllaba)
1044 1736 1287 1794 verbum
1329 1734 1542 1793 finiret.
1625 1733 1861 1805 Mirum,
1911 1733 2071 1812 quod
2115 1734 2528 1795 ‘omnimodo'

341 1827 574 1902 dixerit,
594 1848 732 1889 cum
759 1831 1065 1889 Lucretius
1082 1830 1208 1910 jam
1231 1840 1356 1890 tum
1383 1827 1725 1890 variaverit:

583 1941 917 2002 Reddenda
942 1943 1003 2001 in
1030 1942 1178 2003 ratio
1214 1940 1225 2024 Ι
1258 1962 1336 2003 ne
1362 1962 1594 2015 vocare,
1624 1953 1684 2002 et
1711 1942 1936 2003 semina
1962 1963 2185 2004 rerum:

341 2046 402 2095 et
426 2037 701 2099 Catullus
725 2059 742 2099 ε

584 2136 802 2195 Omnia
823 2135 1007 2196 fanda
1031 2136 1208 2197 nefan
1244 2136 1254 2218 Ι
1291 2136 1371 2197 da
1394 2139 1555 2198 malo
1582 2138 1870 2218 permissa
1896 2139 2111 2198 furore.

342 2228 563 2291 Postea
600 2232 819 2310 saepius
845 2232 1124 2311 Virgilius
1149 2252 1165 2293 z

587 2328 861 2407 Lyrnessi
887 2328 1099 2390 domus
1127 2328 1183 2388 al
1219 2328 1230 2408 Ι
1262 2339 1346 2402 ta,
1374 2330 1504 2389 solo
1535 2329 1825 2392 Laurente
1854 2331 2207 2411 sepulcrum.

346 2423 638 2483 Homerus
667 2433 864 2483 autem
891 2424 1029 2484 olim
1060 2424 1407 2504 saepissime,
1763 2460 1794 2490 ·=

585 2536 927 2615 Οὖλομένην
953 2544 988 2610 ἢ
1014 2564 1090 2618 μυ
1124 2536 1136 2620 Ι
1168 2543 1238 2617 ρι’
1261 2538 1522 2619 Ἀχαιοῖς
1549 2540 1717 2614 ἄλγε’
1748 2542 1960 2612 ἔθηκεν.

347 2647 545 2707 Non‘
572 2649 944 2710 omnimodo'
982 2653 1162 2730 igitur
1190 2650 1411 2710 dictum
1440 2653 1733 2731 oportuit:
1781 2649 1946 2712 sed‘
1973 2652 2357 2731 plerumque.’

423 2745 493 2805 In
522 2746 821 2827 Sapphico
849 2747 1111 2807 similiter
1138 2747 1391 2806 Romani
1419 2748 1626 2825 quinto
1653 2747 1774 2807 fere
1797 2747 2099 2829 semipede
2125 2769 2140 2808 ε

587 2859 905 2920 Pindarum
933 2860 1202 2940 quisquis
1235 2858 1248 2942 Ι
1284 2860 1486 2920 studet
1511 2859 1794 2934 aemulari,

583 2955 739 3028 Jule,
765 2958 976 3016 ceratis
1012 2956 1022 3036 Ι
1058 2976 1170 3036 ope
1200 2955 1489 3016 Daedalea

585 3053 806 3112 Nititur
831 3054 1041 3134 pennis
1078 3052 1090 3135 Ι
1124 3053 1309 3115 vitreo
1331 3053 1577 3114 daturus

1162 3150 1422 3211 Nomina
1445 3161 1652 3231 ponto.

425 3267 496 3326 In
523 3264 765 3327 Alcaico
789 3284 808 3327 ι
851 3265 1137 3326 Doctrina
1163 3265 1270 3327 sed
1297 3267 1415 3327 vim
1452 3266 1461 3347 Ι
1497 3276 1801 3345 promovet
1825 3268 2084 3338 insitam,

1008 3361 1297 3441 Rectique
1324 3364 1515 3422 cultus
1553 3363 1564 3443 Ι
1598 3373 1840 3442 pectora
1866 3364 2162 3425 roborant.

429 3473 499 3532 In
526 3473 863 3535 Phalaecio:
905 3473 1118 3535 Multis
1146 3475 1244 3536 ille
1268 3477 1441 3536 bonis
1478 3477 1505 3558 Ι,
1521 3478 1733 3538 flebilis
1759 3478 2013 3539 occidit:
2145 3558 2154 3562 ᾳ

1067 3573 1232 3634 Nulli
1254 3573 1498 3635 flebilior
1533 3575 1544 3655 Ι
1579 3594 1755 3654 quam
1782 3575 1906 3649 tibi,
1929 3574 2156 3654 Virgili.

354 3683 450 3743 Sic
475 3694 538 3744 et
564 3683 625 3743 in
655 3683 848 3744 iambo
877 3684 1173 3746 trimetro:

670 3798 807 3858 Jam
825 3797 952 3877 jam
979 3798 1205 3858 efficaci
1239 3797 1250 3878 Ι
1285 3798 1365 3858 do
1390 3818 1604 3859 manus
1629 3799 1930 3859 scientiae:

672 3894 936 3975 Supplex
960 3906 1021 3955 et
1046 3914 1149 3955 oro
1184 3895 1195 3976 Ι
1231 3916 1413 3976 regna
1437 3916 1543 3977 per
1567 3897 1960 3976 Proserpinae,

676 3990 790 4049 Per
815 4001 876 4050 et
904 3991 1117 4051 Dianae
1151 3992 1161 4073 Ι
1198 4013 1316 4053 non
1344 3992 1636 4053 movenda
1662 3993 1921 4064 numina,

674 4088 791 4147 Per
815 4098 993 4168 atque
1016 4089 1198 4150 libros
1233 4091 1244 4172 Ι
1278 4091 1598 4151 carminum
1624 4090 1940 4151 valentium

674 4183 882 4245 Refixa
908 4184 1057 4247 coelo
1091 4185 1105 4267 Ι
1141 4185 1426 4249 devocare
1455 4187 1668 4248 sidera.
