3050 4942
511 386 602 453 94
973 389 1339 450 nameus
1386 398 1679 450 nsmsu
1730 401 2253 470 messanum

517 546 671 607 Vere
697 547 1000 609 scenicum
1028 556 1089 607 et
1113 544 1297 610 illud:

678 677 755 737 Et
782 685 1100 757 postremo,
1128 676 1243 736 nisi
1272 696 1365 737 me
1396 674 1722 752 auscultas,
1752 689 1930 759 atque
1955 678 2091 752 hoc,
2121 689 2189 739 ut
2217 678 2371 755 dico,
2397 680 2565 754 faciS,

675 775 824 835 Tute
852 793 1007 852 pone
1047 783 1105 834 te
1134 774 1349 834 latebis
1379 773 1577 846 facile,
1606 795 1682 835 ne
1709 776 1973 840 inveniat
1998 787 2057 838 te
2084 776 2291 836 honor.

518 921 596 981 Et
623 920 755 999 quis
785 918 933 981 illud
962 931 1128 981 extra
1155 939 1396 981 scenam
1421 939 1708 1001 usurpare
1737 921 1940 982 ausit?

674 1064 1001 1124 Benefacta
1025 1063 1352 1125 benefactis
1382 1062 1513 1124 aliis
1541 1065 1854 1145 pertegito,
1881 1085 1957 1126 ne
1981 1066 2310 1150 pei-pluant.

514 1225 711 1294 Quare
735 1242 1039 1304 nunquam
1066 1221 1352 1303 effugient
1376 1223 1518 1302 quin
1548 1224 1668 1284 sint
1693 1225 1897 1307 inepti,
1925 1227 2028 1306 qui
2055 1226 2186 1287 haec
2206 1235 2268 1286 et
2293 1225 2410 1287 alia
2436 1225 2496 1286 id
2521 1245 2710 1305 genus

511 1320 591 1382 ad
620 1320 832 1381 serium
862 1318 1100 1380 dicendi
1127 1339 1315 1398 genus
1358 1321 1742 1382 transferunt.
1827 1322 2292 1402 consequuntur
2334 1323 2512 1395 enim,
2550 1322 2711 1402 quod

513 1437 639 1478 non
662 1416 887 1490 vident,
935 1428 1005 1478 ut
1044 1416 1211 1477 inviti
1260 1417 1439 1478 risum
1484 1429 1801 1489 moveant;
1860 1420 2037 1500 quod.
2054 1439 2172 1481 non
2203 1421 2378 1499 pauci
2427 1419 2606 1480 hodie
2649 1421 2710 1478 in

513 1514 747 1595 seriptis
777 1513 1031 1574 maximo
1059 1512 1357 1574 molimine
1400 1533 1438 1572 a
1466 1513 1712 1575 Lectore
1748 1515 2079 1596 impetrant.
2166 1515 2444 1594 Sequitur
2470 1517 2536 1577 τὸ
2563 1513 2709 1586 ἦθος,

511 1612 696 1693 quod,
724 1621 793 1671 nt
817 1610 995 1671 docet
1020 1610 1394 1682 Aristoteles,
1442 1610 1504 1669 in
1532 1612 1818 1684 oratione,
1867 1612 2331 1693 uniuscujusque
2377 1614 2709 1674 institutum

510 1708 738 1770 indicat
783 1716 848 1768 et
873 1707 1258 1768 voluntatem.
1344 1705 1522 1775 Quod
1569 1708 1630 1768 in
1683 1707 1934 1787 singulis
1979 1720 2421 1789 repraesentare,
2465 1710 2579 1769 nisi
2607 1709 2712 1768 viri

514 1816 617 1867 aut
658 1804 966 1886 prudentis
1017 1812 1122 1864 aut
1147 1802 1516 1883 Philosophi,
1563 1802 1784 1863 nullius
1815 1814 1927 1865 est.
2012 1806 2166 1887 Nam
2211 1804 2711 1885 quemadmodum

511 1923 547 1963 e
570 1902 821 1982 singulis
851 1901 1239 1981 experientia,
1271 1900 1359 1960 ita
1384 1920 1560 1961 nemo
1591 1902 1957 1982 singulorum
1983 1922 2175 1963 mores
2217 1903 2346 1962 sine
2373 1901 2490 1961 hac
2517 1902 2711 1982 expri-

507 2001 635 2060 mit.
669 2053 672 2056 .
696 2001 893 2068 Quare
921 1998 1181 2059 omnium
1210 1999 1651 2059 accuratissime
1689 2009 1752 2061 et
1779 2001 2018 2079 optime,
2042 1999 2186 2079 quid
2217 2000 2294 2060 sit
2320 1999 2514 2059 faeere
2539 2009 2608 2059 ut
2637 1999 2714 2059 sit

507 2100 668 2167 ἠθικὴ
699 2096 907 2167 oratio,
936 2092 1335 2173 Philosophus
1366 2093 1646 2156 ostendit.
1732 2096 1914 2165 Quod
1955 2097 2050 2158 vel
2095 2094 2286 2156 solum
2323 2093 2474 2154 tanti
2504 2105 2617 2167 est,
2647 2103 2716 2153 tet

509 2191 658 2252 nihil
683 2192 879 2252 minus
908 2190 1197 2262 nonnulli,
1228 2189 1328 2268 qui
1359 2188 1437 2248 ad
1482 2190 1935 2252 Rhetoricarum
1972 2211 2209 2253 suarum
2254 2192 2416 2271 leges
2462 2210 2712 2270 magno·-

509 2309 641 2349 rum
680 2307 916 2369 quoque
964 2298 1025 2347 et
1067 2286 1400 2348 sublimium
1440 2286 1812 2366 ingeniorum
1858 2288 2154 2350 orationes
2186 2289 2423 2368 exigere
2468 2287 2747 2371 audent,-

510 2386 623 2446 hac
652 2385 712 2446 in
740 2394 908 2464 parte
933 2383 1209 2446 videant:
1272 2381 1334 2442 in
1372 2400 1510 2461 qua,
1555 2382 1633 2443 ad
1662 2383 1846 2463 ipsius
1891 2404 2129 2465 quoque
2174 2385 2540 2463 antiquitatis
2582 2394 2709 2444 stu·

509 2502 735 2561 potem,
763 2481 905 2542 Afer
931 2482 1044 2541 iste
1071 2491 1306 2561 regnat.
1383 2482 1570 2542 Recte
1592 2501 1734 2562 ergo
1763 2483 1953 2543 Varro
1978 2502 1994 2542 t
2044 2490 2060 2518 ‘
2082 2484 2155 2542 In
2180 2481 2542 2562 argumentis
2570 2481 2711 2539 Cae-

460 2613 472 2628 .
507 2578 676 2639 cilius
725 2578 925 2658 poscit
972 2578 1252 2657 palmam,
1312 2580 1372 2639 in
1422 2577 1654 2638 ethesin
1707 2578 2057 2640 Terentius:
2167 2579 2476 2658 Significat
2530 2577 2709 2648 enim,

509 2675 820 2736 Caecilium
842 2674 1137 2752 εὑρετικὴν,
1167 2684 1272 2736 aut
1286 2674 1484 2755 potius
1505 2676 1929 2753 εὐοικονόμητον
1949 2674 2137 2735 fuisse
2161 2695 2176 2733 t
2206 2672 2708 2753 quemadmodum

509 2776 934 2853 ἀνοικονόμητος
976 2791 1402 2851 nonnunquam
1451 2792 1577 2852 prae
1615 2772 1852 2850 reliquis
1894 2770 2123 2832 videtur
2151 2770 2422 2844 Plautus,
2451 2771 2549 2831 cui
2589 2788 2710 2831 ser-

509 2872 700 2933 monis
727 2870 887 2930 idem
916 2870 1243 2948 assignavit
1265 2869 1524 2929 laudem.
1613 2865 1811 2940 Quod,
1842 2868 1890 2927 si
1937 2868 2251 2949 quiequam
2282 2868 2566 2947 sapimus,
2594 2869 2708 2927 Te·-

509 2966 761 3025 rentium
792 2975 886 3026 est
912 2965 1128 3026 Plauto
1155 2966 1452 3044 praeferre.
1540 2966 1622 3024 Ut
1648 2984 1784 3024 cum
1812 2983 1969 3035 eum,
1992 2965 2093 3044 qui
2120 2963 2357 3025 excellit
2382 2965 2443 3024 in
2481 2964 2708 3043 majori,

508 3061 701 3141 magis
730 3081 907 3141 quam
933 3063 1034 3142 qui
1075 3063 1136 3121 in
1184 3061 1414 3132 minori,
1469 3059 1716 3120 dicimus
1759 3061 2065 3121 excellere.
2149 3061 2360 3140 Neque
2387 3078 2572 3120 causa
2597 3061 2711 3123 fuit

512 3158 646 3231 alia,
668 3159 1045 3238 quare,quod
1072 3163 1389 3219 observant
1401 3159 1668 3231 VetereS,
1689 3156 1847 3217 idem
1861 3158 2069 3230 Varro,
2086 3158 2263 3218 etiam
2281 3156 2707 3229 Menandro,in

511 3254 864 3333 quibusdam
881 3255 1205 3335 praetulerit
1223 3256 1581 3328 Terentium,
1606 3256 1858 3334 exempli
1873 3275 2076 3328 causa,
2095 3253 2498 3334 Adelphorum
2518 3254 2706 3314 initio.

514 3352 726 3431 Neque
754 3352 1059 3414 immerito.
1119 3353 1368 3414 Mirifice
1397 3351 1576 3425 enim,
1606 3371 1741 3412 cum
1770 3351 1929 3424 alibi,
1955 3361 2080 3411 tum
2111 3350 2189 3410 ibi
2227 3358 2438 3429 regnat
2463 3351 2525 3410 τὸ
2552 3349 2705 3421 ἦθος.

513 3449 680 3510 Idem
707 3447 917 3523 Varro,
945 3468 1082 3510 eum
1101 3448 1454 3527 Tragoediae,
1488 3447 1831 3521 Comoediae,
1860 3467 1931 3508 ac
1960 3447 2170 3508 Satiroe
2193 3448 2438 3525 effingat
2463 3446 2705 3517 formas,

514 3546 658 3625 quid
688 3545 763 3606 de
792 3555 995 3607 nostro
1008 3544 1259 3625 judicet,
1288 3544 1506 3605 diserte
1552 3545 1864 3626 expressit.
1947 3544 2287 3604 Ubertatem
2318 3544 2475 3602 enim
2502 3543 2709 3603 tribuit

512 3643 860 3724 Tragoediae,
890 3663 1067 3723 quam
1113 3641 1217 3703 dat
1245 3643 1543 3705 Pacuvio:
1587 3643 1974 3724 gracilitatem
2026 3641 2255 3713 Satires,
2297 3657 2475 3719 quam
2504 3639 2707 3700 tribuit

514 3739 776 3801 Lucilio:
819 3740 1282 3801 mediocritatem
1310 3759 1470 3814 vero,
1521 3739 1867 3811 Comoedias,
1916 3756 2092 3818 quam
2120 3736 2226 3797 dat
2251 3733 2544 3798 Terentio,
2625 3737 2706 3794 Ut

511 3836 565 3896 si
591 3838 725 3916 quis
769 3837 1059 3897 uberrimo
1088 3838 1371 3897 sermonis
1422 3856 1636 3916 genere
1679 3835 1980 3896 heroicum
2029 3832 2272 3894 definiat
2314 3832 2599 3901 Poetam3
2645 3844 2706 3893 et

511 3930 629 3991 hoc
655 3934 872 3993 tribuat
896 3933 1171 4015 Virgilio.
1250 3934 1440 3994 Aulus
1475 3932 1704 3992 Gellius
1746 3931 1853 3992 lib.
1876 3949 2180 4009 vr1.·cap.
2211 3932 2304 3989 13.
2372 3936 2389 3963 ‘
2412 3929 2570 3992 Vera
2598 3949 2706 3990 au-

511 4036 633 4088 tem
659 4038 721 4090 et
746 4031 986 4108 propria*
1002 4030 1338 4110 hujusmodi
1380 4032 1696 4090 formarum
1723 4028 2012 4108 exempla,
2033 4027 2094 4087 in
2122 4028 2326 4107 lingua
2355 4026 2582 4099 Latina,
2611 4024 2701 4085 M.

511 4121 700 4185 Varro
723 4145 856 4186 esse
884 4126 1047 4201 dicit,
1077 4128 1361 4189 ubertatis
1391 4127 1738 4199 Pacuvium,
1765 4123 2111 4206 gracilitatis
2144 4123 2449 4195 Lucilium,
2477 4121 2702 4182 medio-

511 4217 733 4284 critatis
777 4221 1154 4285 Terentium!
1235 4224 1386 4294 Quae
1431 4233 1522 4284 est
1573 4222 1648 4283 de
1699 4220 2047 4296 Comoedioe,
2094 4217 2593 4299 quemadmodum
2637 4219 2699 4278 in
