3050 4942
507 326 637 396 198
1376 333 1486 383 ιο.
1534 327 1863 380 nummus

1060 481 1318 544 Verebar
1346 495 1631 559 quorsum
1651 474 1964 552 evaderet:

992 569 1000 578 ’
1073 578 1287 638 Amore
1315 572 1609 664 abundas,
1637 571 1939 653 Antipho:

510 719 616 772 aut
640 707 1009 778 trochaicus:
1053 714 1138 777 ut,
1139 701 1148 707 ’
1166 702 1322 763 Proh
1354 702 1553 766 Deum
1582 709 1760 784 atque
1783 697 2086 780 hominum
2113 694 2327 780 fidem:
2370 693 2557 770 tarius
2578 711 2705 756 mo-

500 817 793 880 nometer,
817 813 905 876 ut,
933 801 1093 871 Quid
1118 798 1268 862 illud
1296 807 1411 861 est.

591 901 712 963 Sed
739 901 816 984 de
843 899 938 960 his
965 918 1085 958 non
1113 915 1264 976 opus
1310 905 1405 964 est
1451 904 1520 958 ut
1566 892 1889 974 quicquam
1934 888 2153 962 dicam,
2200 907 2337 966 curn
2363 896 2423 952 et
2448 905 2582 960 raro
2610 903 2709 948 oc-

512 1008 771 1082 currant,
808 1007 869 1058 et
897 1017 971 1058 ex
994 995 1063 1056 iis
1094 1015 1232 1080 quae
1275 992 1349 1074 de
1387 992 1694 1064 trimetris.
1693 999 1772 1060 ot
1807 986 2161 1070 tetramettis
2207 985 2485 1070 ᾁίιιιιιιιε,
2530 981 2708 1059 facile

509 1097 745 1178 possint
768 1093 1038 1173 intelligi.

893 1259 1007 1321 DE
1061 1253 1446 1324 HCENTIA
1502 1255 1765 1324 METRI
1820 1248 2343 1324 TERENTIAM.

593 1389 868 1449 Diximus
897 1408 1097 1469 supra,
1135 1405 1371 1448 carmen
1400 1384 1717 1446 iambicum
1745 1402 1781 1444 a
1807 1381 2053 1446 comicis
2080 1392 2449 1461 usurpatum,
2487 1386 2712 1489 praeter

511 1486 726 1568 pedem
755 1486 1033 1559 iambum,
1078 1485 1255 1550 etiam
1299 1483 1674 1566 spondoeurn,
1716 1482 1983 1562 aliosque
2009 1477 2220 1564 pedes,
2257 1480 2359 1559 qui
2388 1486 2529 1539 sunt
2554 1476 2714 1557 ejus·

513 1581 651 1642 dem
694 1601 831 1643 cum
874 1580 1160 1662 spondaeo
1206 1601 1522 1654 mensurae,
1565 1567 1931 1658 frequentius
1980 1575 2311 1639 admittere.
2394 1578 2715 1638 Dubitatur

512 1689 710 1739 autem
735 1680 959 1740 interea
983 1678 1135 1738 inter
1160 1678 1394 1750 doctos,
1423 1696 1623 1737 annon
1652 1689 1714 1736 et
1741 1695 1849 1755 pes
1870 1673 2125 1735 creticus
2151 1676 2274 1737 sive
2296 1675 2714 1755 amphimacer,

511 1776 614 1855 qui
643 1774 995 1858 spondaeum
1020 1774 1277 1847 excedit,
1316 1775 1377 1834 in
1406 1782 1594 1835 metro
1620 1772 1976 1832 Terentiano
2002 1773 2200 1835 locum
2227 1773 2484 1834 habeat:
2525 1790 2716 1851 quan·-

510 1888 689 1950 quam
717 1873 873 1932 enim
901 1870 1000 1931 alii
1028 1890 1334 1951 nunquam
1362 1870 1797 1932 admittendum
1827 1889 1962 1932 esse
2004 1880 2328 1940 censeant;
2374 1869 2473 1930 alii
2514 1878 2714 1928 tamen

511 1966 853 2040 admittunt,
895 1966 1003 2026 sed
1050 1967 1307 2046 parcius.
1392 1967 1472 2027 Et
1514 1977 1676 2028 certe
1717 1966 1901 2048 siquis
1931 1967 2010 2028 ad
2038 1987 2304 2029 normam
2330 1966 2718 2046 virgilianam

509 2081 718 2123 omnes
747 2065 934 2125 nostri
984 2065 1213 2128 Comici
1261 2085 1440 2128 voces
1469 2085 1803 2145 vocumque
1831 2065 2342 2145 pronuntiationes
2371 2061 2717 2144 expenden-

512 2159 624 2219 das
653 2180 787 2221 esse
815 2159 1043 2234 credat,
1083 2162 1249 2238 nullo
1292 2161 1472 2222 modo
1514 2161 1730 2242 pedem
1757 2162 1939 2222 istum
1968 2162 2227 2243 effugere
2253 2160 2489 2243 poterit.
2571 2156 2715 2244 Sed,

512 2276 650 2317 cum
678 2257 979 2338 heroicum
1007 2277 1244 2334 carmen
1273 2257 1453 2342 longe
1483 2278 1519 2336 a
1546 2259 1774 2338 comico
1804 2257 2102 2338 scribendi
2138 2257 2317 2322 modo
2360 2257 2562 2330 distet,
2606 2255 2720 2315 du-

510 2353 826 2432 bitandum
852 2374 972 2429 non
1004 2364 1098 2415 est
1123 2355 1268 2434 quin
1299 2364 1361 2415 et
1387 2355 1538 2434 alius
1567 2374 1804 2436 quoque
1851 2354 2276 2436 pronuntiandi
2320 2353 2532 2427 modus
2560 2349 2719 2426 huic,

511 2450 662 2511 alius
705 2452 789 2534 illi
832 2452 1166 2513 conveniat.
1251 2452 1561 2528 Comoedia
1603 2452 1820 2534 quippe
1867 2451 2209 2532 popularem
2239 2451 2360 2511 fere
2390 2467 2721 2520 sermonem

511 2548 686 2609 nobis
713 2548 993 2628 exhibet3
1036 2548 1208 2630 cujus
1235 2547 1396 2630 apud
1426 2568 1633 2628 omnes
1663 2558 1871 2631 gentes
1899 2568 2031 2620 mos
2059 2558 2173 2622 est,
2200 2557 2269 2608 ut
2295 2567 2382 2607 eae
2405 2546 2719 2622 dictiones,

514 2663 652 2724 quoe
683 2646 1045 2736 frequentius
1071 2645 1409 2721 occurrunt,
1431 2646 1824 2707 contractiore
1849 2644 2029 2705 modo
2059 2663 2222 2726 soepe
2250 2643 2721 2724 pronuntientur,

516 2750 578 2802 et
604 2744 787 2805 veluti
813 2745 873 2804 in
901 2763 1082 2805 unam
1106 2745 1361 2805 coeant:
1406 2743 1570 2823 quod
1598 2755 1818 2816 tamen,
1856 2744 1905 2803 si
1933 2745 2026 2803 vel
2053 2743 2115 2803 in
2144 2742 2409 2803 oratione
2436 2738 2601 2819 gravi
2626 2737 2722 2802 vel

514 2840 577 2900 in
601 2840 841 2908 heroico
862 2843 1128 2904 carmine
1167 2843 1353 2915 fieret,
1394 2841 1708 2902 ridiculum
1750 2840 2070 2903 videretur.
2154 2840 2290 2901 Hoc
2333 2837 2512 2899 modo
2559 2833 2721 2926 apud

517 2946 819 3000 auctorem
850 2948 1119 3000 nostrum
1149 2958 1345 3012 voces,
1373 2938 1541 3026 quid,
1569 2939 1752 3018 quod,
1781 2938 1910 3014 sed,
1937 2944 2051 3002 &a
2081 2958 2219 3000 eum
2258 2955 2404 3004 voce
2447 2932 2720 3015 sequenti

508 3032 960 3111 quodammodo
983 3035 1320 3097 coalescere
1347 3036 1642 3097 interdum
1672 3021 1978 3098 videntur.
2021 3046 2128 3097 ut:

602 3160 766 3219 Nihil
791 3171 1030 3241 propter
1053 3162 1210 3224 hanc
1239 3184 1401 3234 rem;
1447 3165 1555 3231 sed
1585 3176 1677 3228 est
1704 3167 1866 3247 quod
1897 3177 2213 3226 succenset
2238 3163 2364 3225 tibi.

603 3257 904 3327 Quidnam
933 3258 1067 3320 est?
1107 3261 1331 3341 puerile
1359 3273 1491 3324 est:
1535 3264 1681 3346 quid
1706 3265 1839 3325 est?
1881 3264 2062 3323 nihil:
2104 3262 2246 3342 quin
2276 3260 2395 3335 dic,
2421 3258 2566 3340 quid
2595 3257 2723 3320 est?

519 3386 645 3459 ubi,
675 3404 750 3445 ne
777 3406 884 3466 pes
910 3388 1161 3450 creticus
1191 3371 1557 3466 admittatur,
1584 3392 1696 3453 sed
1719 3403 1832 3465 est,
1860 3403 1941 3466 et,
1964 3392 2106 3472 quid
2125 3402 2238 3466 est,
2256 3390 2429 3471 quasi
2456 3388 2518 3448 in
2541 3406 2722 3449 unam

521 3482 677 3541 coire
706 3481 996 3561 syllabam
1025 3483 1344 3546 credimus.
1395 3487 1575 3556 Quod
1602 3498 1799 3550 autem
1822 3488 1920 3549 hic
1951 3489 2026 3548 de
2049 3488 2202 3570 pede
2228 3487 2447 3549 cretico
2476 3484 2722 3546 vitando

516 3576 800 3651 diximus,
846 3578 923 3640 de
950 3580 1163 3644 ceteris
1193 3581 1370 3644 etiam
1399 3582 1853 3664 intelligendum
1895 3597 1990 3650 est
2027 3585 2129 3665 qui
2173 3582 2526 3665 spondeum
2550 3600 2724 3646 exces-

520 3674 697 3736 dunt.
781 3674 882 3738 Sic
926 3695 1065 3751 ινοι,
1108 3676 1291 3751 Nihil,
1336 3677 1398 3737 in
1449 3681 1637 3759 primo
1680 3680 1832 3761 pede
1858 3680 2067 3760 prioris
2094 3700 2299 3741 versus
2330 3679 2507 3748 modo
2536 3678 2720 3752 allati,

520 3768 933 3851 monosyllaba
959 3780 1091 3840 est;
1135 3790 1475 3853 quanquam
1523 3776 1584 3835 in
1631 3787 1842 3857 quarto
1884 3776 2038 3857 pede
2083 3774 2383 3856 sequentis
2419 3774 2722 3854 eleganter

518 3857 871 3947 disyllabice
918 3869 1345 3947 pronuntietur.
1431 3872 1658 3944 Eodem
1688 3873 1867 3935 modo
1897 3893 2016 3938 non
2047 3873 2240 3938 solum
2266 3890 2467 3944 voces,
2511 3869 2721 3949 magis,

522 3972 606 4035 et,
647 3963 814 4034 satis,
859 3962 971 4034 sed
1017 3966 1215 4039 etiam,
1259 3967 1538 4046 quidem„
1569 3970 1766 4043 simul,
1796 3969 1977 4051 apud,
2006 3980 2068 4030 et
2092 3980 2313 4043 tamen,
2338 3969 2436 4029 vel
2460 3967 2722 4030 ultimam

522 4055 753 4126 literam
780 4077 941 4139 saepe
967 4059 1175 4124 elisam
1200 4063 1443 4140 habent,
1492 4067 1588 4134 vel
1634 4067 1695 4127 in
1724 4087 1905 4136 unam
1934 4067 2223 4149 syllabam
2253 4065 2718 4129 contrahuntur:

529 4163 635 4212 ut:
