3050 4942
527 321 654 388 ‘128
1262 336 1452 384 mvn
1504 336 1982 385 cAS'rtoA‘rlo.

523 482 734 542 bicus.·
796 478 1048 552 Rursus,
1077 478 1127 538 si
1166 485 1183 513 ‘
1208 476 1278 538 In
1300 477 1316 501 '
1360 488 1642 539 annectas
1669 479 1773 539 fini
1802 497 2004 540 versus
2049 480 2461 559 praecedentis,
2504 501 2707 543 versus

527 578 825 639 constabit
876 586 1128 656 quatuor
1182 573 1453 635 creticis:
1515 574 1918 656 Denegan-do
1971 578 2310 657 modo-quis
2361 578 2581 658 pu-dor
2622 590 2716 640 est

529 674 857 755 paululum.
940 673 1002 732 Si
1053 672 1112 731 in
1155 678 1173 706 ‘
1198 672 1409 731 modo'
1452 672 1636 762 facias
1685 674 2104 754 pyrrhichium,
2148 677 2256 736 erit
2296 677 2552 736 trimeter
2592 685 2715 734 tro-

528 773 770 833 chaicus
798 769 1212 838 catalecticus:
1244 769 1644 849 Dens-gando
1669 771 1847 831 modo
1867 773 1998 853 quis
2027 771 2249 851 pu-dor
2269 772 2718 850 est-paululum.

532 868 714 929 Porro
757 866 909 927 inter
936 866 1216 927 iambicos
1245 876 1614 928 tetrametros
1637 868 2052 930 acatalecticos
2080 878 2142 928 et
2179 868 2509 928 trochaicos
2537 876 2719 927 tetra-

531 975 751 1024 metros
798 963 1175 1023 catalecticos
1224 973 1392 1023 tanta
1440 974 1533 1023 est
1574 966 1849 1039 affinitas,
1892 974 1961 1024 ut
2005 964 2294 1025 interdum
2335 963 2476 1024 nihil
2504 965 2722 1025 referat

532 1060 785 1121 eundem
814 1079 1042 1120 versum
1071 1071 1266 1119 utrum
1293 1080 1396 1139 per
1423 1059 1650 1119 iambos
1679 1079 1756 1119 an
1785 1082 1887 1143 per
1914 1059 2206 1122 trochaeos
2236 1060 2528 1128 metiaris:
2557 1060 2723 1120 velut
2818 1053 2822 1068 '

533 1158 590 1216 in
624 1166 792 1216 actus
822 1156 975 1216 tertii
1005 1175 1186 1216 scena
1211 1164 1444 1235 quarta,
1493 1163 1509 1191 ‘
1538 1156 1775 1217 Utinam
1821 1157 1964 1217 mihi
2007 1166 2165 1218 esset
2192 1156 2409 1235 aliquid
2437 1156 2555 1229 hic,
2599 1176 2722 1237 quo

535 1271 695 1311 nunc
721 1271 815 1311 me
843 1252 1198 1331 praecipitem
1227 1250 1469 1312 darem.’
1550 1254 1613 1312 Si
1656 1260 1673 1287 ‘
1696 1253 1837 1313 mihi
1859 1254 1875 1279 ’
1915 1253 2100 1314 facias
2144 1253 2379 1313 unicam
2407 1253 2721 1333 syllabam,

535 1347 866 1408 trochaicus
894 1358 1026 1407 est:
1070 1350 1118 1408 si
1148 1347 1321 1422 duas,
1361 1349 1645 1409 iambicus
1673 1359 1806 1411 est:
1848 1351 2025 1430 quale
2052 1359 2148 1410 est
2172 1361 2235 1410 et
2256 1351 2317 1409 in
2346 1361 2514 1411 actus
2541 1371 2603 1410 v.
2635 1370 2722 1411 sc.

539 1464 586 1503 1.
616 1450 634 1478 ⁸
654 1444 810 1503 Satis
829 1442 953 1521 jam
984 1444 1150 1515 satiS,
1179 1445 1361 1517 Simo,
1390 1453 1657 1523 spectata
1689 1465 1831 1526 erga
1859 1457 1916 1507 te
1944 1445 2198 1510 amicitia
2223 1443 2318 1505 es't
2345 1444 2516 1505 mea?
2573 1447 2726 1522 Item

539 1557 829 1617 sequens:
871 1546 890 1573 ‘
915 1539 1071 1600 Satis
1103 1538 1303 1619 pericli
1332 1540 1483 1619 coepi
1510 1539 1694 1612 adire,
1721 1540 1928 1601 orandi
1945 1542 2072 1619 jam
2104 1541 2280 1599 finem
2308 1539 2478 1602 face.'
2558 1540 2728 1601 Licet

539 1656 645 1715 per
687 1635 909 1695 iambos
952 1636 1043 1697 vel
1092 1656 1196 1716 per
1245 1635 1538 1697 trochaeos
1585 1637 1793 1697 metiri.
1879 1637 2074 1717 Hujus
2115 1636 2343 1716 generis
2373 1646 2513 1698 sunt
2538 1647 2600 1698 et
2626 1638 2729 1698 alii

533 1732 885 1813 complures,

1184 2117 1442 2185 mvn
1484 2117 2088 2186 CASTIGATIO.

544 2301 699 2365 Cum
745 2303 1059 2383 prodiisset
1101 2323 1257 2364 anno
1300 2302 1516 2364 abhinc
1553 2304 1673 2363 fere
1721 2302 1970 2383 septimo
2028 2302 2357 2377 Terentius,
2402 2303 2731 2365 doctissimi

542 2401 648 2460 viri
672 2400 927 2480 Philippi
957 2400 1435 2461 Melanchthonis
1464 2418 1644 2480 opera
1663 2399 2082 2481 diligentiaque
2105 2401 2432 2474 restitutus,
2450 2420 2571 2461 una
2591 2419 2734 2461 cum

545 2498 907 2576 argumentis
934 2497 1197 2578 ejusdem
1227 2507 1288 2557 et
1314 2495 1834 2567 annotatiunculiS,
1877 2516 1995 2556 non
2045 2496 2336 2557 mehercle
2364 2496 2478 2557 dici
2512 2507 2733 2577 potest,

545 2606 832 2674 quantum
858 2594 973 2655 hoc
994 2595 1226 2656 nomine
1255 2593 1451 2654 statim
1480 2592 1898 2673 gratulandum
1926 2593 2208 2653 studiosis
2237 2593 2506 2652 omnibus
2532 2593 2734 2654 existi·

544 2691 787 2751 marim:
831 2690 1007 2770 idque
1034 2691 1169 2771 jure
1197 2691 1348 2751 adeo
1377 2711 1447 2750 ac
1475 2692 1704 2751 merito.
1787 2689 2078 2749 Videbam
2106 2690 2261 2750 enim
2289 2689 2413 2749 fore
2438 2688 2622 2763 brevi,
2669 2700 2737 2748 ut

546 2786 800 2865 optimus
848 2787 1179 2848 Latinitatis
1229 2798 1453 2861 auctor,
1494 2789 1595 2866 qui
1643 2787 1963 2846 innumeris
2010 2795 2147 2846 ante
2183 2784 2416 2845 mendis
2444 2786 2736 2858 scatebat,

547 2901 705 2943 nunc
733 2883 909 2962 paulo
937 2882 1279 2962 castigatior
1303 2883 1507 2962 majori
1555 2903 1688 2942 cum
1729 2881 2050 2961 voluptate,
2093 2890 2273 2959 atque
2319 2879 2473 2940 adeo
2515 2880 2736 2960 majore

547 2998 684 3038 cum
711 2979 925 3050 fructu,
968 2999 1145 3058 quam
1190 2988 1388 3053 antea,
1438 2998 1475 3037 a
1520 2977 1945 3057 ludimagistris
1989 2977 2254 3058 pueritiae
2298 2975 2734 3054 praelegeretur.

545 3073 701 3142 Quae
731 3073 880 3133 adeo
910 3092 1027 3133 non
1056 3072 1266 3134 fefellit
1289 3074 1649 3152 conjectura,
1680 3083 1763 3146 ut,
1804 3072 2103 3134 distractis
2132 3091 2350 3151 magno
2391 3072 2738 3152 bibliopola·

548 3189 672 3250 rum
696 3168 1006 3229 commodo
1028 3169 1478 3248 exemplaribus,
1502 3188 1702 3228 rursus
1723 3169 1937 3229 excudi
1957 3178 2189 3249 coeptus
2213 3169 2288 3227 sit
2305 3167 2734 3249 Vitembergae:

547 3285 686 3326 mox
728 3284 770 3325 a
801 3264 977 3325 Joan.
1027 3266 1264 3326 Secerio
1306 3266 1657 3345 Haganooe:
1702 3276 1839 3345 post
1877 3265 2056 3325 etiam
2098 3264 2539 3342 Norimbergae:
2582 3285 2737 3344 prse-

550 3371 713 3421 terea
733 3360 892 3441 apud
915 3360 1222 3421 Coloniam
1238 3361 1642 3442 Agrippinam,
1661 3364 1737 3422 ab
1760 3362 2048 3423 Euchario
2070 3362 2319 3441 primum
2347 3360 2736 3422 Cervicorno:

549 3456 759 3517 iterum
787 3477 824 3516 a
848 3458 1027 3518 Joan.
1074 3458 1279 3517 Sotere
1305 3478 1323 3518 ε
1365 3459 1537 3518 tertio
1585 3459 1837 3537 denique
1867 3479 1904 3519 a
1927 3459 2107 3518 Joan.
2136 3456 2452 3537 GymnicO,
2476 3459 2602 3517 viro
2629 3478 2737 3538 op„-

552 3552 717 3624 timo,
764 3563 825 3613 et
852 3553 991 3612 mihi
1018 3563 1211 3614 vetere
1241 3554 1673 3615 necessitudine
1698 3554 2202 3635 conjunctissimo,
2257 3552 2382 3636 ,Ad
2425 3552 2558 3613 haec
2598 3555 2736 3614 Mo·

501 3691 506 3696 «
553 3649 777 3729 guntiae
805 3649 1114 3729 aliquoties
1143 3661 1203 3710 et
1230 3650 1644 3730 Argentorati:
1686 3660 1756 3711 ut
1795 3651 1870 3711 de
1914 3649 2124 3711 ceteris
2163 3657 2412 3708 taceam.
2497 3649 2736 3711 Interim

551 3746 838 3827 cumipse
863 3766 1101 3827 quoque
1142 3766 1278 3806 eum
1321 3758 1618 3809 auctorem
1649 3747 1929 3808 studiosis
1961 3744 2313 3826 quibusdam
2342 3747 2735 3807 enarrandum

547 3843 965 3921 suscepissem,
1008 3844 1166 3904 sensi
1194 3844 1455 3917 tandem,
1485 3844 1545 3903 id
1574 3845 1733 3924 quod
1763 3855 1910 3917 erat,
1953 3840 2498 3915 Melanchthonem,
2545 3831 2737 3922 graviss

554 3936 754 3995 oribus
783 3940 956 3997 rebus
986 3949 1359 4020 occupatum,
1400 3949 1585 4017 utque
1613 3939 1740 4018 ipse
1766 3959 1872 4019 pro
1898 3954 2008 3999 sua
2032 3935 2322 3997 modestia
2362 3935 2620 4015 ingenue
2645 3939 2735 3997 fa-

552 4039 728 4103 tetur,
773 4033 1058 4093 veteribus
1087 4036 1367 4114 exemplis
1395 4035 1556 4095 haud
1585 4036 1727 4095 satis
1763 4035 2133 4108 instructum,
2177 4051 2301 4092 non
2339 4033 2416 4091 ab
2465 4033 2735 4094 omnibus

554 4125 794 4186 omnino
838 4128 1066 4189 mendis
1107 4130 1290 4208 (absit
1334 4130 1554 4192 invidia
1580 4129 1767 4208 dicto)
1795 4131 2023 4192 Comici
2050 4127 2235 4190 nostri
2265 4126 2521 4190 Fabulas
2548 4129 2735 4190 vindi-
