3050 4942
1026 372 1123 420 nn
1175 371 1449 420 Merme
1494 369 1821 422 comicis.
2393 356 2528 424 219

332 534 464 574 rum
493 522 780 575 tractatus
808 513 923 574 hac
950 514 1010 573 in
1040 524 1207 593 parte
1255 523 1397 573 sunt
1424 532 1601 593 supra
1628 534 1805 593 quam
1834 514 1950 574 dici
1987 525 2183 596 potest
2201 513 2437 577 ‘steriles
2465 532 2529 583 et

326 610 537 690 jejuni,
550 630 681 670 cum
699 630 901 671 eorum
924 629 1099 670 nemo
1120 609 1178 669 in
1203 630 1320 671 rem
1345 609 1520 670 altius
1538 611 1876 689 penetrarit,
1896 623 1997 672 aut
2014 612 2329 692 quicquam
2354 612 2527 672 solidi

336 707 663 778 tradiderit,
692 717 906 786 praeter
931 708 1196 787 vulgaria
1232 707 1336 767 illa
1362 728 1496 787 quae
1540 709 1621 788 in.
1647 709 1823 768 triviis
1869 722 2013 771 nota
2057 721 2232 779 sunt;
2293 708 2527 769 decrevi

336 813 476 863 ante
506 803 703 872 omnia
728 804 1096 865 licentiarum
1143 824 1358 865 causas
1395 811 1463 865 'et
1490 806 1765 885 'origines
1795 818 2077 887 quantum
2122 809 2288 889 potui
2333 809 2528 866 inves-

336 899 547 979 tigare,
582 911 648 960 et
672 900 787 961 nisi
830 900 1145 981 plurimum
1183 902 1376 976 fallor,
1406 922 1682 984 quaenam
1728 905 1964 981 fuerint,
1999 925 2119 966 non
2146 907 2395 967 obscure
2423 903 2527 963 de-

335 996 641 1075 prehendi.
2469 1061 2478 1068 „

328 1111 333 1116 ·
415 1095 487 1153 In
541 1095 743 1175 primis
789 1096 968 1176 igitur
1015 1097 1318 1160 sciendum
1354 1107 1463 1160 'est
1507 1100 1779 1161 licentias
1832 1101 2227 1175 Comicorum,
2254 1096 2416 1180 quod
2445 1089 2526 1159 ad

335 1199 560 1269 partem
591 1211 790 1253 earum
814 1192 1013 1273 longe
1041 1195 1380 1268 maximam,
1407 1197 1584 1256 unius
1628 1216 1761 1258 esse
1790 1197 2041 1277 generiS,
2090 1208 2152 1257 et
2178 1197 2238 1255 in
2266 1196 2327 1256 id
2369 1197 2529 1262 ferri,

335 1298 401 1345 ut
449 1288 792 1368 popularem
839 1292 1257 1370 pronuntiandi
1309 1293 1800 1354 consuetudinem
1848 1293 2291 1374 repraesentent.
2374 1293 2527 1353 Cum

334 1383 491 1442 enim
521 1385 832 1447 Comoedia
857 1388 918 1447 in
947 1407 1019 1447 eo
1049 1397 1174 1450 tota
1205 1389 1280 1448 sit
1306 1398 1372 1449 ut
1407 1409 1546 1450 vera
1573 1390 1711 1449 vitae
1738 1390 2014 1450 humanae
2059 1391 2137 1449 sit
2161 1390 2377 1469 imago,
2405 1409 2525 1449 non

334 1481 477 1540 satis
507 1491 633 1548 erat
659 1502 761 1543 eas
792 1484 901 1544 sibi
945 1487 1218 1546 materias
1269 1506 1518 1558 sumere,
1568 1491 1704 1566 quae
1733 1508 1766 1548 e
1793 1487 2137 1566 quotidiana
2164 1485 2287 1547 vita
2326 1494 2527 1547 essent

334 1577 662 1657 depromta,
690 1581 1082 1662 humilemque
1111 1583 1274 1643 illum
1304 1594 1365 1664 et
1408 1583 1753 1663 depressum
1796 1584 1996 1665 populi
2042 1581 2525 1656 sermonemimi-

331 1675 479 1743 tariz
553 1677 811 1756 oportuit
855 1679 1096 1759 insuper
1149 1681 1398 1741 eandem
1451 1701 1689 1761 quoque
1738 1680 2159 1760 pronuntiandi
2216 1679 2524 1751 rationem,

331 1782 616 1849 quantum
644 1785 897 1853 poterat,
927 1777 1187 1856 assequi,
1215 1798 1334 1858 qua
1361 1779 1619 1858 populus
1668 1779 1728 1837 in
1774 1778 2187 1858 congressibus
2235 1787 2297 1836 et
2338 1777 2524 1836 collo·-

330 1869 485 1948 quiis
529 1871 909 1932 familiaribus
948 1882 1235 1954 uteretur.
1317 1875 1432 1955 Hic
1470 1894 1641 1934 verus
1688 1874 2053 1934 licentiarum
2095 1873 2217 1932 fere
2263 1872 2525 1934 omnium

329 1966 484 2037 fons,
514 1987 650 2045 quae
677 1977 907 2028 tantum
934 1969 1181 2030 eruditis
1212 1972 1515 2050 negotium
1563 1972 1825 2032 fecerunt
1849 1991 1865 2039 ;
1930 1971 2067 2029 hinc
2103 1981 2197 2030 est
2231 1969 2392 2049 quod
2421 1988 2522 2028 co-

329 2063 497 2123 micis
523 2064 714 2142 poetis
743 2065 927 2138 licuit,
956 2067 1117 2144 quod
1147 2067 1247 2126 alii
1275 2066 1419 2127 nulli
1457 2070 1762 2145 poetarum
1790 2067 1991 2146 generi
2035 2085 2381 2126 concessum
2411 2074 2522 2126 est.

331 2158 547 2219 Cetera
572 2163 846 2239 po'e‘mata
876 2162 1093 2242 scripta
1118 2175 1259 2224 sunt
1294 2175 1361 2224 ut
1401 2166 1706 2244 legantur3
1752 2162 2074 2224 Comoedias
2103 2182 2237 2223 vero
2260 2166 2355 2241 (ut
2379 2164 2524 2222 Tra-

326 2258 570 2334 goediae)
595 2267 662 2317 ut
687 2258 1024 2320 audiantur.
1112 2262 1192 2321 Ut
1237 2262 1415 2341 igitur
1443 2282 1644 2323 eorum
1694 2279 1970 2322 numeros
2011 2260 2433 2339 intelligamus,
2462 2270 2524 2320 et

327 2348 636 2440 verborum
665 2352 873 2414 modos
902 2355 1006 2416 rite
1030 2356 1408 2430 aestimemus,
1437 2378 1557 2417 non
1587 2369 1707 2419 tam
1737 2358 1813 2418 ad
1843 2358 2039 2418 literas
2077 2376 2212 2434 quae
2242 2376 2306 2416 se
2333 2356 2520 2416 oculis

326 2448 627 2526 ingerunt,
657 2449 1012 2530 insitamque
1042 2472 1239 2514 earum
1271 2457 1660 2533 quantitatem
1699 2454 2125 2516 attendendum
2154 2464 2266 2525 est,
2305 2451 2412 2512 sed
2443 2452 2519 2512 ad

328 2562 510 2604 sonos
542 2564 693 2625 quos
723 2548 1026 2608 efficerent
1059 2568 1195 2610 cum
1229 2549 1288 2608 in
1341 2569 1441 2610 ore
1469 2552 1675 2632 populi
1721 2552 2025 2624 ferrentur,
2074 2550 2399 2632 qualesque
2441 2550 2519 2609 ad

328 2660 500 2706 aures
532 2643 905 2706 accederent.

340 2749 345 2754 ’
405 2739 726 2806 Quomodo
770 2743 951 2826 verba
989 2744 1437 2823 pronuntiarent
1461 2744 1710 2804 Veteres
1759 2743 2033 2815 Romani,
2079 2761 2149 2802 ea
2192 2733 2519 2821 praesertim

327 2856 460 2916 quae
504 2838 566 2896 in
594 2837 905 2924 colloquiis
953 2851 1093 2901 sunt
1140 2841 1553 2920 frequentioris
1577 2841 1763 2913 usus,
1806 2838 1985 2918 idque
2027 2839 2097 2898 iis
2138 2839 2519 2917 temporibus,

325 2952 459 2993 cum
485 2934 723 2994 floreret
748 2935 944 2996 adhuc
983 2937 1333 3017 respublica,
1380 2957 1490 2996 nec
1519 2937 1661 2997 dum
1705 2935 1975 2996 civilibus
2004 2929 2180 2996 armis
2206 2935 2394 2996 fracta
2419 2938 2521 2995 uni

323 3029 383 3087 in
410 3029 719 3109 imperium
758 3032 1061 3104 cessisset,
1109 3053 1281 3095 nemo
1323 3033 1569 3102 dixerim
1630 3053 1742 3094 nec
1771 3034 2037 3113 profecto
2063 3033 2123 3091 in
2165 3032 2289 3092 ulla
2312 3032 2519 3112 lingua

326 3145 460 3186 vera
486 3128 911 3205 pronuntiandi
940 3129 1087 3189 ratio
1116 3141 1278 3191 certo
1310 3130 1445 3191 sciri
1474 3140 1697 3210 potest,
1725 3130 1840 3190 nisi
1883 3131 1959 3188 ab
1986 3129 2057 3189 iis
2083 3129 2189 3208 qui
2217 3130 2347 3189 viva
2372 3148 2517 3190 voce
2612 3161 2627 3176 ·

321 3221 635 3303 loquentes
665 3224 960 3286 audierint
985 3245 1109 3300 eos,
1136 3226 1351 3305 quibus
1402 3226 1627 3306 lingua,
1659 3226 1734 3285 de
1762 3244 1881 3305 qua
1908 3226 2123 3305 agitur,
2172 3225 2345 3285 fuerit
2390 3245 2516 3285 ver-

321 3319 557 3400 nacula.
643 3320 831 3381 Nobis
858 3322 1055 3400 igitur,
1084 3342 1219 3383 cum
1250 3322 1522 3383 Romana
1549 3323 1754 3402 lingua
1796 3344 1902 3403 per
1927 3333 2019 3383 tot
2051 3320 2177 3402 jam
2206 3321 2427 3382 saecula
2453 3315 2515 3380 i‘n

322 3434 433 3476 usu
460 3418 761 3476 communi
804 3438 936 3479 esse
966 3418 1226 3493 desierit,
1255 3419 1434 3499 longe
1473 3419 1705 3479 facilius
1744 3436 1838 3480 est
1863 3440 1935 3480 ex
1964 3417 2513 3492 versuumcomico·

320 3530 447 3571 rum
476 3513 901 3597 constitutione
930 3526 991 3576 et
1018 3515 1383 3597 licentiarum
1410 3536 1523 3575 usu
1554 3515 1977 3594 pronuntiandi
2005 3514 2516 3584 consuetudinem,

321 3627 500 3686 quam
555 3629 631 3669 ex
684 3611 1104 3689 pronuntiandi
1156 3611 1338 3673 modo
1365 3632 1641 3673 versuum
1707 3623 1769 3672 et
1820 3611 2188 3673 licentiarum
2256 3610 2512 3668 rationes

318 3703 695 3784 investigare.
779 3706 913 3769 Hoc
940 3718 1139 3768 tamen
1166 3728 1341 3769 nemo
1368 3728 1488 3768 non
1532 3708 1735 3780 sentit,
1764 3708 1867 3787 qui
1900 3707 1993 3767 vel
2021 3706 2228 3767 leviter
2255 3705 2513 3764 animum

321 3787 398 3861 ad
423 3802 559 3863 haec
588 3802 877 3879 advertat,
923 3805 984 3864 in
1014 3824 1282 3866 sermone
1330 3814 1393 3866 et
1438 3804 1738 3884 colloquio
1782 3802 2054 3863 familiari
2101 3802 2280 3860 verba
2305 3801 2512 3874 multa,

322 3918 391 3959 ea
440 3902 768 3980 praesertim
795 3921 931 3980 quae
960 3902 1019 3961 in
1047 3902 1525 3982 frequentissimo
1556 3911 1694 3961 sunt
1720 3920 1854 3974 usu,
1881 3918 2134 3979 quaeque
2179 3897 2402 3958 nullam
2449 3899 2510 3957 in

323 4013 386 4054 se
413 3996 722 4076 emphasin
752 3997 991 4073 habent,
1021 4018 1133 4060 nec
1162 4001 1511 4060 sententiam
1562 3999 1811 4058 multum
1856 3996 2158 4075 adjuvant,
2203 3994 2309 4054 sed
2339 3997 2511 4073 quasi

321 4092 558 4153 vincula
582 4093 859 4172 quaedam
898 4095 1176 4155 orationis
1221 4097 1485 4174 partibus
1526 4095 1776 4155 invicem
1812 4091 2120 4154 nectendis
2166 4090 2509 4166 inserviunt,

323 4189 524 4266 quales
553 4200 696 4251 sunt
721 4190 979 4272 articuli,
1019 4193 1487 4276 praepositiones,
1536 4190 1993 4271 interjectiones,
2036 4188 2506 4269 conjunctiones,
