3050 4942
986 342 1084 388 nn
1132 341 1433 391 con-icis
1486 344 1871 420 mestuus,
2391 333 2515 400 1⁷1

658 480 944 542 Phaselus
973 482 1073 542 ille
1097 504 1273 564 quem
1301 485 1511 547 videtis
1539 488 1800 569 hospites

656 578 758 637 Ait
782 579 963 642 fuisse
992 582 1227 644 navium
1255 584 1615 646 celerrimus·

328 698 409 757 Et
437 698 790 761 Horatium:

659 813 878 876 Beatus
906 776 1004 878 ille
1033 817 1133 898 qui
1162 819 1365 899 procul
1394 821 1668 899 negotiis.

328 945 466 1014 Quo
496 955 697 1007 autem
721 948 954 1029 gravius
981 949 1160 1030 paulo
1184 951 1242 1010 in
1274 950 1551 1012 tarditate
1577 951 1921 1033 procederet
1946 953 2197 1028 iambuS,

578 1060 908 1140 Spondaeos
934 1063 1177 1126 stabiles
1205 1065 1264 1123 in
1282 1064 1419 1145 jura
1440 1075 1686 1146 paterna
1712 1067 1935 1147 recepit

578 1158 941 1222 Commodus
968 1171 1027 1223 et
1052 1162 1304 1243 patiens,
1346 1183 1466 1223 non
1494 1174 1564 1224 ut
1587 1163 1660 1225 de
1690 1164 1831 1226 sede
1860 1164 2123 1228 secunda

582 1256 836 1320 Cederet
861 1271 967 1321 aut
987 1269 1203 1339 quarta
1227 1261 1540 1322 socialiter.

334 1385 459 1445 Sed
487 1403 681 1467 neque
706 1385 914 1468 tragici
939 1390 1074 1463 hoc,
1103 1392 1161 1450 in
1189 1391 1389 1471 primis
1433 1391 1648 1464 Latini,
1689 1381 2015 1466 servarunt,
2064 1403 2126 1454 et
2157 1395 2366 1455 comici
2393 1414 2518 1457 om*

333 1483 512 1544 nibus
540 1483 604 1543 iu
631 1484 778 1546 locis
806 1487 1174 1550 collocarunt
1196 1488 1544 1571 pedessine
1594 1488 1926 1551 discrimine
1973 1492 2271 1572 quinque:
2314 1492 2520 1573 dacty-

334 1580 483 1653 lum,
513 1596 906 1664 anapaestum,
931 1587 1286 1669 tribrachyn,
1317 1587 1685 1668 spondaeum,
1714 1589 1988 1650 iambum.

581 1721 826 1803 Syllaba
848 1723 1031 1805 longa
1055 1725 1217 1786 brevi
1243 1725 1507 1806 subjecta
1536 1735 1777 1790 vocatur
1809 1727 2079 1789 iambus:

339 1862 526 1935 Deos,
556 1861 772 1936 cliens,¹
795 1861 997 1931 seron
1038 1883 1173 1943 quoe
1202 1863 1468 1924 si‘ambae
1493 1864 1702 1924 breves
1733 1863 1871 1938 sint,
1902 1864 2280 1946 Pyrrhichius
2322 1864 2373 1924 is
2415 1883 2521 1945 pes

338 1968 625 2019 vocatur:
668 1959 820 2039 lege,
846 1960 1007 2035 here,
1036 1981 1233 2041 grave.

341 2088 677 2167 Spondaeus
704 2089 881 2150 habet
908 2089 1058 2150 duas
1086 2090 1298 2170 longas
1323 2109 1339 2150 ε
1383 2090 1575 2162 exlex,
1603 2108 1871 2164 concorS,
1900 2109 2124 2150 amensa

339 2184 693 2267 Tribrachys
720 2186 907 2248 tribus
932 2189 1205 2248 brevibus
1232 2199 1506 2249 constat:
1560 2185 1816 2262 domine,
1845 2207 2076 2259 canere,
2104 2187 2336 2246 misera.

341 2284 728 2362 AnapaestuS,
753 2285 983 2346 duabus
1008 2286 1211 2368 primis
1236 2287 1533 2360 brevibus,
1581 2295 1879 2367 postrema
1917 2286 2099 2371 longa
2123 2304 2140 2344 ι
2183 2283 2402 2356 silices,
2432 2301 2525 2342 ra·

503 2382 654 2456 hies,
684 2383 938 2462 patiens·

346 2479 662 2560 Dactylus,
688 2481 875 2561 prima
899 2480 1101 2563 longa,
1128 2483 1507 2565 sequentibus
1538 2483 1770 2543 duabus
1799 2481 2107 2542 brevibus:
2148 2479 2337 2552 litera,
2386 2477 2529 2538 scri-

504 2578 665 2652 bere,
688 2580 939 2642 musica.

349 2707 415 2765 ln
449 2707 674 2767 Latinis
702 2708 941 2768 comicis
969 2709 1081 2769 rari
1110 2708 1287 2769 iambi
1316 2716 1475 2782 sunt,
1505 2708 1682 2768 etiam
1710 2708 1768 2767 in
1798 2707 2093 2778 trimetria,
2138 2705 2240 2783 qui
2269 2712 2408 2763 sunt
2437 2723 2530 2764 se-

348 2803 513 2864 narii.
598 2804 666 2863 In
698 2804 927 2884 integro
954 2815 1151 2864 tamen
1182 2804 1451 2878 iambicO,
1500 2804 1629 2863 vult
1657 2824 1788 2864 esse
1816 2803 2058 2863 ultimus
2105 2820 2211 2880 pes
2259 2800 2378 2874 hic,
2428 2809 2532 2859 aut

348 2910 585 2979 propter
610 2898 835 2959 ultimae
864 2899 1310 2960 indifferentiam
1341 2899 1728 2980 pyrrhichius,
1752 2899 1923 2979 quasi
1949 2897 2235 2959 definiens
2255 2912 2532 2955 numeros

351 3016 422 3056 ac
463 3016 717 3057 versum.
801 2996 969 3057 Sicut
1011 2996 1093 3056 in'
1116 2996 1432 3079 dactylico,
1480 2998 1722 3077 quintus
1764 2995 2061 3078 dactylus.
2143 2994 2371 3054 Horum
2397 2992 2532 3051 loco

350 3112 484 3153 cum
514 3092 835 3174 spondaeus
864 3094 1119 3176 ponitur,
1172 3096 1211 3154 ii
1249 3115 1455 3155 versus
1492 3106 1616 3156 tum
1648 3093 2094 3159 σπονδαῗέοντες
2118 3101 2181 3152 et
2209 3087 2534 3152 σπονδαῖκοὶ

352 3187 650 3264 dicuntur,
682 3202 787 3252 ut:

591 3322 1016 3403 Armatumque
1044 3343 1188 3384 auro
1215 3323 1610 3405 circumspicit
1637 3323 1879 3385 Oriona.

592 3419 995 3499 Apollinarem
1021 3423 1270 3483 conveni
1296 3441 1489 3483 meum
1517 3440 1754 3482 scazon.

354 3548 710 3610 Claudicare
736 3550 891 3609 enim
916 3550 979 3609 hi
1005 3570 1210 3612 versus
1236 3559 1542 3631 putantur,
1585 3558 1647 3610 et
1691 3551 1995 3620 σκάξοντεε
2040 3546 2435 3617 nominantur,
2482 3554 2544 3603 et

353 3647 705 3729 χωλιαμβοί.
786 3647 1012 3709 Comici
1043 3658 1260 3722 autem,
1302 3657 1370 3707 ut
1405 3646 1550 3718 dixi,
1593 3664 1868 3704 numeros
1912 3643 2046 3702 ideo
2076 3642 2269 3700 minus
2296 3637 2545 3696 distinx-

355 3753 550 3819 erunt,
591 3755 661 3805 ut
685 3728 1005 3805 similitudo
1035 3744 1322 3806 sermonis
1348 3741 1677 3805 communis
1705 3739 2120 3803 custodiretur.
2203 3737 2411 3813 Itaque
2441 3732 2542 3828 Cif-

359 3860 495 3901 cero
522 3842 586 3901 in
615 3842 864 3918 Oratore
891 3841 978 3904 sic
1007 3844 1129 3904 ait:
1172 3848 1191 3879 ‘
1212 3844 1295 3904 At
1320 3840 1677 3902 comicorum
1705 3834 1918 3898 senarii
1944 3842 2182 3914 propter
2211 3826 2544 3935 similitudi·
2578 3891 2592 3904 ‚

358 3955 494 3997 nem
537 3939 827 3999 sermonis
871 3940 957 4000 sic
1005 3958 1166 4019 soepe
1209 3947 1352 4001 sunt
1397 3935 1635 4017 abjecti,
1663 3942 1744 3998 nt
1788 3946 2214 4008 nonnunquam
2237 3924 2338 3986 vix
2363 3942 2423 3982 m
2449 3921 2546 4030 his

361 4051 636 4094 numerus
664 4044 727 4095 et
750 4054 957 4095 versus
1000 4035 1249 4116 intelligi
1271 4043 1274 4046 ’
1295 4033 1524 4115 possit!
1602 4030 1754 4090 Hoec
1782 4026 2050 4089 confusio
2077 4042 2215 4086 cum
2240 4032 2335 4083 est
2359 4038 2547 4078 maxi-

363 4148 477 4202 ma,
516 4139 645 4190 tum
674 4131 935 4193 carmina
960 4142 1248 4196 vocantur
1273 4135 1725 4213 ἀπεμφαίνοντα,
1765 4126 1827 4187 id
1871 4133 1984 4199 est,
2028 4120 2442 4193 immanifesta,
2485 4125 2549 4177 et

369 4228 723 4308 ‹ivdppoorut
2500 4223 2511 4229 ”
