3050 4942
559 361 647 428 98
1010 370 1371 424 nAmnms
1419 365 1716 419 nurnsu
1767 365 2291 418 mssna‘rnio.

722 521 758 581 J
765 502 872 581 am‘
888 529 1012 581 tum
1042 527 1168 579 erat
1195 535 1396 591 senex,
1426 525 1703 578 senectus
1732 515 1783 576 si
1808 513 2177 576 verecundos
2207 514 2368 576 facit.

721 619 815 676 An
835 635 969 676 mea
987 616 1175 674 forma
1196 623 1372 693 atque
1394 624 1543 674 setas
1563 612 1689 693 jam
1710 612 1900 692 magis
1922 610 2254 693 expetenda
2275 620 2385 684 est,
2417 608 2754 690 Demipho?

719 712 878 782 Quid
926 712 1068 772 mihi
1112 732 1270 772 nunc
1321 711 1517 786 affers,
1563 713 1943 791 quamobrem
1992 717 2323 790 expectem,
2368 716 2473 767 aut
2499 723 2754 788 sperem,

872 828 1048 890 porro
1076 827 1195 869 non
1228 807 1392 868 fore?
1417 815 1426 828 '
2650 797 2653 800 ’

561 942 658 1013 Et,
713 935 1192 1020 quandoquidem
1223 934 1590 1017 simplicitas,
1636 934 1891 995 maxima
1937 946 2181 997 moratae
2224 934 2508 997 orationis
2547 936 2755 1007 virtus,

561 1038 611 1097 si
639 1035 997 1108 intendatur,
1026 1034 1377 1094 suavitatem
1424 1033 1617 1113 parit;
1673 1051 1846 1094 nemo
1894 1033 2022 1095 sine
2066 1032 2396 1094 incredibili
2425 1052 2497 1095 ac
2526 1052 2758 1093 summa

560 1135 860 1214 voluptate
885 1132 1034 1192 illud
1062 1130 1376 1192 Bacchidis
1404 1132 1602 1211 leget:

1049 1289 1052 1294 ·
1122 1261 1309 1323 Recte
1338 1263 1571 1337 amasti,
1597 1261 1924 1344 Pamphile,

681 1429 692 1436 ἢ
725 1358 978 1420 Uxorem
1005 1368 1203 1419 tuam:
1247 1379 1386 1419 nam
1434 1378 1739 1438 nunquam
1787 1369 1925 1420 ante
1967 1358 2123 1419 hanc
2174 1356 2332 1419 diem
2370 1354 2519 1419 meis
2559 1355 2750 1416 oculis

882 1476 1032 1529 eam,
1054 1455 1214 1536 quod
1245 1474 1501 1527 nossem,
1530 1451 1815 1516 videi-am.

719 1553 1090 1614 Perliberalis
1118 1552 1246 1614 visa
1267 1562 1378 1614 est.
1690 1553 1697 1558 ’

558 1687 818 1767 Ideoque
848 1685 1089 1746 Fabulae
1116 1684 1485 1746 Terentianae
1516 1683 1837 1744 doctiorem
1885 1681 2251 1755 histrionem,
2289 1700 2468 1761 quam
2494 1680 2754 1761 reliquo-

562 1803 711 1856 rum,
758 1773 1199 1843 desiderabant.
1325 1781 1571 1860 Semper
1618 1779 1793 1852 enim,
1838 1799 1974 1858 quae
2014 1787 2242 1864 morata
2286 1787 2381 1838 est
2428 1777 2637 1852 oratiO,
2686 1784 2755 1864 τῇ

561 1881 840 1958 ὑποκρίσει
867 1876 1184 1938 fulcienda.
1273 1876 1426 1937 Nam
1475 1896 1612 1955 quae
1640 1876 1897 1936 moribus
1941 1874 2367 1955 affectibusque
2394 1874 2754 1948 destituitur,

561 1985 716 2037 teste
772 1974 1156 2055 PhilosophO,
1211 1983 1305 2033 est
1356 1977 1729 2052 ἀνυπόκριτος.
1812 1972 2022 2053 Neque
2069 1973 2193 2034 ulla
2240 1974 2360 2034 sere
2408 1973 2572 2053 apud
2616 1992 2754 2033 eum

563 2072 790 2153 syllaba
817 2080 1000 2145 extat,
1026 2091 1162 2151 quae
1190 2091 1309 2131 non
1339 2071 1517 2131 animi
1548 2081 1651 2131 aut
1680 2069 1925 2131 affectus
1955 2071 2204 2152 alicujus
2243 2070 2322 2130 sit
2345 2068 2546 2131 index.
2615 2070 2754 2130 Jam

561 2178 629 2228 ut
656 2168 728 2227 ad
759 2168 1009 2246 lepores,
1039 2167 1216 2240 sales,
1246 2169 1486 2247 gratias,
1515 2176 1577 2228 et
1605 2176 1942 2228 venustates
1981 2169 2320 2236 veniamus;
2364 2176 2593 2242 certum
2638 2178 2753 2237 est,

561 2265 683 2324 fere
711 2284 912 2325 omnes
935 2282 1037 2324 eas
1068 2263 1193 2323 tolli
1220 2284 1257 2323 a
1283 2262 1553 2338 ridicule,
1592 2285 1711 2325 non
1741 2285 1913 2326 secus
1942 2285 2118 2346 quam
2156 2264 2216 2323 in
2244 2264 2367 2325 vita
2393 2265 2466 2324 ab
2496 2282 2753 2323 excessu

559 2380 786 2422 morum
834 2362 1038 2434 virtus,
1086 2362 1160 2421 ab
1207 2381 1456 2424 excessu
1504 2371 1821 2442 apparatus
1871 2363 1930 2422 in
1978 2382 2158 2423 scena
2207 2362 2430 2422 tollitur
2453 2361 2753 2440 voluptas,

564 2459 760 2527 Quare
790 2458 1122 2518 Menandro
1149 2477 1220 2519 ac
1246 2460 1517 2520 Terentio
1546 2459 1776 2539 lepores
1805 2460 2071 2520 tribuunt
2091 2460 2339 2539 antiqui,
2354 2458 2510 2520 sales
2533 2457 2753 2518 Plauto

563 2555 845 2616 Horatius
905 2554 1216 2617 concedit:
1289 2573 1439 2635 quos
1495 2574 1924 2634 nonnunquam
1992 2556 2314 2617 inurbanos
2368 2575 2501 2616 esse
2556 2564 2751 2616 notat.

565 2652 720 2714 Audi
747 2652 1154 2713 Paterculum:
1200 2660 1217 2688 ‘
1241 2653 1585 2732 Dulcesque
1628 2652 1824 2713 Latini
1868 2651 2082 2731 leporis
2126 2653 2362 2715 facetiae
2407 2672 2514 2733 per
2558 2652 2754 2713 Caeci-

557 2750 723 2822 lium,
751 2750 1222 2829 Terentiumque,
1249 2760 1311 2810 et
1335 2750 1644 2810 Afranium
1673 2751 1782 2810 sub
1804 2750 1930 2829 pari
1957 2758 2135 2810 aetate
2159 2749 2524 2811 floruerunt!
2553 2748 2754 2809 Graeci

560 2848 796 2927 χάριτας
821 2857 881 2907 et
907 2850 1332 2927 χαριεντισμοῦς
1357 2857 1590 2907 vocant.
1676 2847 2064 2907 Remissiores
2093 2856 2233 2907 sunt
2271 2846 2449 2919 enim,
2476 2865 2660 2925 quam
2686 2854 2756 2904 ut

560 2943 741 3001 risum
791 2942 1075 3002 violenter
1124 2955 1431 3004 moveant:
1501 2944 2063 3023 circumspectiores,
2120 2961 2299 3022 quam
2352 2952 2421 3003 ut
2473 2942 2752 3022 frigeant.

560 3037 901 3097 Absurdum
928 3038 1078 3095 euim
1128 3057 1288 3117 saepe
1333 3057 1516 3099 causa
1560 3048 1654 3099 est
1700 3040 1874 3114 risuS,
1920 3049 2022 3099 aut
2070 3039 2435 3102 inusitatum.
2523 3041 2754 3099 Contra

561 3145 759 3193 autem
785 3151 996 3203 sermo,
1044 3132 1145 3210 qui
1175 3144 1235 3193 et
1270 3134 1524 3194 usitatus
1571 3146 1633 3195 et
1658 3146 1939 3208 moratus,
1983 3135 2201 3215 quique
2227 3135 2440 3196 leniter
2468 3133 2752 3196 decorum

562 3237 775 3299 servat,
806 3226 959 3286 sicut
987 3247 1058 3287 eo
1093 3228 1223 3306 ipso
1271 3230 1338 3288 fit
1366 3240 1650 3290 venustus
1681 3240 1740 3290 et
1766 3231 2056 3299 delectat;
2097 3232 2182 3291 ita
2206 3230 2448 3311 quidam
2490 3232 2771 3312 eminere*

551 3325 672 3404 joci
701 3333 970 3403 possunt.
1058 3324 1175 3392 Qui
1223 3324 1460 3403 quidem
1510 3328 1571 3386 in
1618 3327 1729 3387 hoc
1779 3326 1943 3398 Afro,
1987 3327 2127 3404 (nisi
2171 3325 2355 3386 Laelio
2402 3346 2504 3388 eos
2550 3328 2750 3407 potius

562 3438 632 3479 ac
661 3419 922 3500 Scipioni
948 3419 1294 3481 tribuendos
1322 3424 1522 3501 putes)
1549 3432 1609 3482 et
1638 3421 1990 3495 Menandro,
2035 3421 2084 3481 si
2103 3420 2397 3501 judicium
2426 3422 2664 3483 Horatii
2690 3432 2754 3485 et

562 3515 930 3591 antiquorum
960 3516 1276 3594 sequimur,
1321 3537 1396 3577 ex
1438 3518 1647 3579 eodem
1695 3519 1840 3591 sale,
1888 3538 1923 3579 e
1950 3538 2069 3598 quo
2095 3529 2237 3580 nata
2263 3521 2469 3580 Venus
2498 3529 2613 3593 est,
2643 3519 2750 3580 de·
2841 3503 2845 3509 ⁵

562 3612 771 3690 promti
798 3611 1088 3672 videntur.
1173 3611 1326 3672 Ecce
1354 3614 1548 3674 statim
1581 3614 1826 3684 Andria,
1853 3614 1988 3675 Act.
2012 3635 2075 3675 v.
2106 3617 2301 3676 Scena
2327 3620 2386 3676 4.

1035 3739 1205 3799 Davo
1232 3739 1384 3800 istuc
1411 3737 1626 3801 dedam
1644 3741 1769 3820 jam
1797 3741 2018 3821 negoti.
2101 3743 2165 3804 S.
2210 3743 2349 3804 Non
2377 3753 2598 3822 potest.

721 3836 790 3893 P.
834 3834 997 3903 Qui?
1077 3837 1143 3896 S.
1186 3836 1340 3905 Quia
1365 3836 1545 3898 habet
1573 3838 1734 3899 aliud
1763 3840 1953 3917 magis
1982 3857 2055 3899 ex
2084 3859 2237 3915 sese,
2265 3849 2329 3901 et
2363 3840 2582 3920 majus.

879 3929 949 3991 P.
982 3931 1323 4000 Quidnam?
1406 3932 1467 3991 S.
1510 3934 1758 3992 Vinctus
1783 3944 1893 3993 est.

721 4026 789 4084 P.
833 4027 1030 4098 Pater,
1056 4046 1171 4086 non
1206 4039 1361 4088 recte
1391 4029 1622 4089 vinetus
1650 4040 1760 4089 est.
1846 4031 1907 4090 S.
1955 4031 2132 4091 Haud
2160 4033 2246 4093 ita
2262 4034 2436 4115 jussi.

561 4154 696 4213 Jam
723 4153 1100 4215 Gnathonem
1132 4157 1303 4215 vide:
1347 4159 1447 4235 qui
1492 4178 1625 4218 cum
1671 4159 1907 4238 putidos
1957 4161 2277 4221 Thrasonis
2326 4183 2520 4226 mores
2569 4163 2748 4225 Phae-
