3050 4942
565 380 657 449 82

571 560 705 603 mus
752 533 1107 619 appellatos,
1155 554 1228 596 ex
1269 554 1345 595 eo
1392 533 1632 614 colligo,
1680 533 1843 614 quod
1872 533 2167 594 Asconius
2196 532 2418 606 scribit,
2464 525 2764 595 Romanos

572 631 772 700 Ludos
802 635 1060 714 Magnos
1082 651 1319 713 quoque
1351 631 1656 712 appellari,
1682 630 1843 711 quod
1874 631 2115 710 Magnis
2141 630 2273 690 Diis
2297 640 2466 690 erant
2484 630 2763 692 instituti:

569 754 725 815 quos
753 732 994 794 eosdem
1021 732 1333 791 Circenses
1362 730 1556 790 dictos
1582 739 1777 809 putat.
1833 727 2008 787 Unde
2035 726 2178 788 illud
2205 727 2457 806 Virgilii,
2488 734 2504 762 ‘
2526 728 2766 807 Magnis

571 828 949 891 Circensibus
979 827 1167 888 actis.’
1247 827 1384 887 Non
1414 845 1545 886 esse
1582 823 1820 886 eosdem
1869 824 2068 885 Ludos
2115 825 2517 904 Megalenses,
2563 835 2624 883 et
2662 842 2767 884 eos

571 937 723 1007 quos
771 924 1101 1005 Megalesia
1143 922 1415 994 dicimus,
1456 942 1533 983 ex
1582 920 1885 984 Ciceronis
1935 919 2218 980 Oratione
2245 920 2322 980 de
2368 919 2768 998 Haruspicum

571 1024 874 1102 responsis
903 1031 1105 1102 aperte
1130 1020 1485 1100 colligimus,
1530 1021 1630 1079 ubi
1658 1019 1991 1099 Megalesia
2016 1016 2458 1098 Megalensibus
2487 1016 2773 1076 celebrari

575 1119 736 1182 dicit.
819 1119 1016 1178 Verba
1043 1118 1128 1178 sic
1154 1117 1415 1178 habent:
1459 1122 1478 1151 ‘
1510 1117 1664 1175 Nam
1696 1114 1842 1196 quid
1872 1135 1989 1195 ego
2035 1115 2110 1174 de
2153 1114 2266 1174 illis
2316 1113 2496 1173 Ludis
2539 1112 2771 1193 loquar,

575 1235 727 1296 quos
754 1215 814 1275 in
836 1214 1068 1276 Palatio
1096 1215 1280 1274 nostri
1299 1213 1550 1293 majores
1572 1223 1712 1275 ante
1741 1214 2023 1292 templum
2052 1213 2112 1272 in
2141 1213 2272 1293 ipso
2297 1210 2506 1271 Matris
2524 1209 2772 1289 Magnae

575 1321 896 1391 conspectu
940 1310 1387 1390 Megalensibus
1411 1315 1430 1342 ¹
1483 1309 1610 1370 fieri
1646 1309 2054 1388 celebrarique
2092 1304 2450 1369 voluerunt?
2481 1306 2595 1386 ,qui
2632 1315 2777 1365 sunt

574 1426 734 1467 more
760 1406 1160 1486 institutisque
1188 1407 1439 1466 maxime
1459 1406 1629 1478 casti,
1662 1405 1960 1477 solennes,
1990 1404 2253 1483 religiosi
2276 1423 2292 1471 ;
2343 1402 2558 1481 quibus
2587 1400 2772 1460 Ludis

572 1503 824 1581 primum
851 1512 990 1562 ante
1020 1502 1223 1582 populi
1245 1520 1598 1563 consessum
1628 1503 1873 1563 Senatui
1900 1502 2096 1562 locum
2126 1501 2196 1560 P.
2224 1501 2537 1560 Africanus
2563 1500 2773 1560 iterum

576 1591 803 1658 Consul
831 1598 931 1658 ille
960 1596 1154 1677 Major
1182 1598 1381 1667 dodim
1422 1607 1490 1662 ut
1519 1617 1624 1658 eos
1652 1598 1854 1660 Ludos
1883 1598 2012 1658 haec
2039 1599 2169 1658 lues
2196 1597 2423 1677 impura
2447 1596 2774 1677 pollueret:

574 1713 694 1773 quo
724 1693 776 1754 si
803 1693 936 1773 quis
967 1694 1115 1753 liber
1140 1703 1245 1753 aut
1271 1693 1587 1772 spectandi
1622 1703 1730 1754 aut
1757 1694 1936 1755 etiam
1964 1693 2265 1774 religionis
2291 1712 2477 1753 causa
2504 1711 2775 1754 accesse-

572 1800 687 1862 rat,
713 1809 924 1851 manus
953 1789 1373 1852 afferebantur:
1402 1812 1523 1872 quo
1552 1802 1824 1853 matrona
1849 1791 2017 1852 nulla
2043 1791 2462 1871 adiit‚propter
2488 1790 2606 1850 vim
2627 1808 2776 1850 con·

576 1906 925 1967 sessumque
953 1906 1274 1949 servorum.
1361 1888 1455 1950 Ita
1482 1887 1681 1949 Ludos
1708 1906 1836 1961 eos,
1863 1905 2116 1966 qnorum
2137 1887 2342 1967 religio
2368 1895 2537 1948 tanta
2564 1899 2676 1959 est,
2707 1896 2774 1946 ut

577 2002 653 2042 ex
677 1984 898 2044 ultimis
929 1985 1094 2044 terris
1124 1985 1411 2045 accersita
1438 1985 1501 2043 in
1528 1984 1645 2045 bac
1672 1984 1817 2043 urbe
1845 1983 2221 2051 consederit;
2271 1981 2460 2062 quiet
2493 1983 2597 2042 uni
2626 1982 2776 2042 Ludi

576 2097 653 2138 ne
682 2081 860 2139 verbo
886 2079 1128 2158 quidem
1157 2079 1531 2158 appellantur
1559 2079 1792 2151 Latino,
1842 2088 1910 2137 ut
1948 2080 2237 2140 vocabulo
2263 2080 2395 2160 ipso
2422 2088 2484 2139 et
2510 2080 2777 2160 appetita

575 2173 782 2253 religio
811 2186 1073 2249 externa,
1095 2185 1157 2237 et
1181 2177 1396 2237 Matris
1412 2177 1659 2255 Magnae
1688 2175 1926 2237 nomine
1957 2187 2238 2256 suscepta
2264 2176 2631 2244 declar-etun
2662 2177 2775 2236 hos

580 2272 779 2333 Ludos
813 2274 963 2333 servi
990 2274 1276 2352 fecerunt,
1327 2275 1480 2335 servi
1530 2284 1968 2355 spectaverunt,
2017 2283 2143 2334 tota
2169 2273 2426 2352 denique
2451 2273 2565 2333 hoc
2594 2273 2776 2333 AEdili

581 2386 879 2428 servorum
910 2369 1242 2448 Megalesia
1269 2370 1550 2431 fuerunt?
1630 2370 1910 2432 Extrema
1947 2370 2078 2431 haec
2105 2372 2283 2431 verba
2309 2369 2615 2430 declarant
2639 2369 2775 2429 illos

582 2463 808 2539 Ludos,
831 2486 985 2545 quos
1015 2466 1461 2545 Megalensibus
1506 2468 1569 2527 in
1613 2467 1844 2528 Palatio
1872 2468 1932 2527 in
1959 2470 2093 2548 ipso
2122 2468 2331 2528 Matris
2361 2469 2604 2547 Magnae
2632 2485 2777 2527 con-

584 2570 793 2640 spectu
822 2563 947 2622 fieri
974 2562 1211 2623 dicebat
1236 2564 1424 2637 initio,
1471 2585 1605 2627 esse
1650 2565 2021 2644 Megalesia:
2063 2584 2200 2625 nam
2238 2574 2301 2624 et
2345 2564 2542 2625 Livius
2570 2563 2778 2625 scribit

583 2656 671 2717 M.
701 2657 944 2717 Junium
973 2658 1216 2718 Brutum
1248 2659 1437 2721 sedem
1468 2662 1713 2739 Magnae
1763 2661 1944 2720 Matri
1990 2661 2182 2720 Deum
2226 2662 2285 2720 in
2330 2660 2563 2721 Palatio
2606 2660 2775 2720 dedi-

582 2772 773 2827 casse,
801 2764 862 2814 et
886 2753 1107 2829 Ludos,
1132 2756 1207 2815 ob
1232 2776 1362 2816 eam
1385 2755 1818 2817 dedicationem
1837 2757 2049 2830 factos,
2071 2757 2401 2837 Megalesia
2420 2757 2773 2837 appellasse.

584 2850 964 2928 Megalenses
1006 2870 1180 2929 porro
1210 2850 1380 2925 Ludi,
1425 2853 1545 2912 sive
1575 2852 2000 2924 Romani„sive
2030 2853 2261 2932 Magni,
2290 2854 2412 2915 sive
2441 2855 2775 2923 CircenseS,

583 2945 695 3004 sub
742 2947 976 3024 regibus
1022 2948 1185 3007 fuere
1233 2948 1526 3008 instituti:
1572 2950 1907 3027 fiebantque
1950 2950 2061 3010 sub
2108 2949 2339 3011 initium
2380 2951 2596 3012 mensis
2625 2952 2773 3030 Sep-

925 391 1328 445 GOVEANUS
1379 391 1476 441 DE
1527 391 1755 443 Lunts
1805 386 2410 441 MEGALENSOEUS.

645 3141 657 3168 ¹
676 3137 826 3190 Quod
842 3138 1096 3189 Antonius
1118 3140 1395 3192 Goveanus
1412 3158 1443 3193 a
1456 3144 1639 3207 Mega·

580 3212 810 3263 lensibus
842 3214 1133 3279 Megalesia
1166 3216 1503 3283 distinguere,
1525 3221 1639 3270 Me·

583 3288 815 3351 galenses
836 3296 1010 3340 autem
1026 3291 1236 3341 eosdem
1257 3307 1373 3343 cum
1398 3296 1640 3347 Romanis

1720 3150 1802 3194 tar
1842 3145 2073 3210 pluribus
2114 3146 2447 3210 argumentis.
2521 3144 2661 3195 Tota
2692 3158 2775 3193 res

1720 3234 1823 3269 uno
1860 3217 2020 3270 verbo
2054 3220 2239 3272 confici
2281 3226 2472 3286 potest.
2536 3223 2692 3283 Nam,
2735 3220 2780 3268 si

1719 3295 1855 3346 Ludi
1927 3297 2257 3360 Megalenses
2318 3297 2778 3348 committebantur

581 3362 760 3416 facere
776 3366 959 3430 voluit,
987 3382 1134 3433 mque
1166 3369 1221 3419 in
1239 3377 1465 3437 utroque
1477 3371 1639 3425 falsus

583 3445 682 3490 est.
748 3440 1010 3493 Ciceronis
1039 3459 1106 3494 ex
1144 3444 1401 3497 Oratione
1438 3449 1505 3498 de
1545 3450 1641 3500 Re·

583 3516 784 3582 sponsis
806 3517 1157 3583 Haruspicum
1182 3522 1351 3572 locum
1376 3523 1510 3575 citat
1532 3524 1642 3576 Go-

581 3593 812 3644 veanus':
847 3600 904 3644 et
924 3608 990 3644 ex
1020 3610 1089 3645 eo
1126 3598 1345 3664 colligit,
1387 3615 1420 3650 a
1458 3601 1642 3666 Mega-

580 3669 807 3722 lensibus
846 3672 946 3723 alia
988 3687 1105 3725 esse
1147 3677 1468 3742 Megalesia:
1501 3681 1645 3746 qnod

581 3746 772 3799 Cicero
792 3749 1078 3815 Megalesia
1097 3752 1488 3818 Megalensibus
1504 3759 1642 3809 cele·

579 3823 725 3874 brari
746 3826 900 3876 solita
921 3827 1083 3879 dicat.
1133 3830 1344 3881 Deinde
1367 3833 1526 3884 tradit
1541 3835 1640 3884 Lu·

582 3899 676 3949 dos
698 3900 1023 3965 Megalenses
1043 3905 1251 3957 eosdem
1265 3922 1401 3967 esse,
1427 3909 1513 3974 qni
1531 3910 1641 3959 Cir-

579 3992 783 4041 censes,
811 3980 1049 4045 Romani,
1084 3984 1269 4047 Magni
1294 3985 1643 4036 nominantur.

579 4053 716 4107 Ωιιώ
739 4070 858 4106 cum
880 4057 1031 4123 dicit,
1058 4073 1162 4109 non
1183 4060 1570 4123 animadvertit,
1588 4060 1641 4110 in

584 4146 738 4197 quam
760 4132 997 4186 difficiles
1021 4147 1136 4187 sese
1174 4151 1345 4188 rernm
1380 4136 1640 4188 absurdis-

584 4208 825 4261 simus-um
847 4212 1056 4277 laqueos
1072 4211 1306 4265 inducat.
1371 4214 1491 4264 Non
1515 4213 1639 4263 abu-

1718 3370 1887 3435 pridie
1907 3370 1989 3421 Id.
2024 3371 2196 3436 April.
2217 3378 2277 3423 ut
2296 3388 2363 3424 ex
2374 3374 2529 3425 {aivio
2550 3381 2780 3436 constat,

1721 3446 1857 3496 Ludi
1880 3454 2053 3497 autem
2092 3447 2307 3498 Romani
2342 3450 2512 3514 pridie
2545 3449 2774 3500 Kalend.

1722 3523 1872 3587 Sept.
1892 3530 1952 3573 ut
1975 3537 2005 3573 e
2039 3523 2207 3588 priore
2244 3524 2448 3575 actione
2484 3526 2536 3575 in
2558 3526 2778 3576 Verrem

1721 3599 2051 3664 cognoscitur
2067 3615 2082 3661 ς
2104 3600 2221 3665 quis
2243 3607 2324 3651 est
2345 3615 2505 3667 nsque
2520 3615 2589 3652 eo
2600 3602 2779 3666 hebes,

1720 3677 1930 3741 quinon
1951 3677 2149 3742 videat,
2173 3683 2232 3728 ut
2265 3677 2422 3730 iidem
2454 3680 2559 3729 sint
2596 3680 2779 3745 Mega·

1719 3751 1894 3817 lenses
1924 3756 1980 3801 et
2014 3750 2232 3801 Romani
2283 3753 2423 3805 nullo
2465 3754 2619 3806 modo
2663 3755 2781 3806 fieri

1720 3829 1906 3892 posse?
1967 3827 2082 3891 Ego
2133 3842 2277 3892 vero,
2319 3843 2387 3879 ne
2426 3828 2594 3882 dicam
2639 3832 2780 3894 dolo,

1721 3916 1901 3953 vocem
1923 3902 2078 3968 illam,
2112 3903 2475 3969 Megalensibus,
2507 3920 2536 3955 e
2566 3907 2777 3958 Cicero-

1718 3979 1802 4027 nis
1823 3980 1940 4029 loco
1959 3986 2014 4030 et
2034 3982 2430 4045 expungendam
2473 3987 2619 4048 puto,
2655 3992 2712 4036 et
2744 4000 2776 4035 e

1721 4055 2033 4120 glossemate
2064 4058 2236 4123 aliquo
2274 4059 2329 4108 in
2356 4058 2592 4110 ordinem
2626 4060 2780 4112 Cice·

1719 4136 1861 4187 ronis
1898 4138 2174 4191 verborum
2219 4139 2490 4207 irrepsisse
2516 4143 2781 4206 suspicor.

1716 4213 1856 4265 Mur.
