3050 4942
1218 377 1635 426 rastrum.
2431 365 2516 430 21

328 518 591 583 tandem
621 518 691 583 in
720 520 928 586 tribus
958 522 1289 605 prioribus
1321 520 1699 587 Comoediis
1727 541 2058 605 expressa
2083 543 2514 608 personarum

327 621 648 698 omnium,
677 617 828 706 quae
859 623 1392 701 introducuntur,
1421 625 1615 689 initio
1640 645 1834 689 novae
1866 645 2088 690 scenae
2116 647 2514 693 commemo-

323 724 538 804 ratio;
582 723 655 787 in
684 724 894 789 tribus
923 727 1098 790 enim
1129 726 1617 808 posterioribus
1646 746 1777 791 una
1805 733 2054 792 tantum
2084 749 2398 811 persona,
2432 749 2517 796 ea

322 826 613 903 scilicet,
642 846 792 909 quae
819 829 1033 910 prima
1059 829 1374 912 loquitur,
1420 829 1819 894 nominatur.
1911 829 1989 894 In
2024 829 2279 896 Andria
2308 832 2510 896 inter-

321 926 480 991 dum
508 930 726 1012 prima
752 948 978 995 scenae
1022 932 1202 996 linea
1245 932 1453 997 minio
1506 934 1646 998 sive
1688 933 1883 998 rubro
1928 933 2153 998 colore
2198 933 2513 999 distincta

322 1033 449 1093 est.

405 1132 668 1199 Textus
694 1135 998 1200 inclusus
1018 1141 1124 1201 est
1149 1137 1321 1201 binis
1348 1136 1545 1202 lineis
1568 1137 1657 1203 ab
1688 1142 1969 1220 utroque
1998 1136 2202 1200 latere
2234 1155 2514 1219 perpen-

320 1233 752 1300 dicularibus.
838 1237 1032 1308 Binae
1060 1238 1256 1302 lineae
1287 1257 1565 1322 superne
1612 1238 1827 1305 ductoe
1875 1240 2067 1304 initio
2098 1246 2332 1304 textus
2361 1239 2511 1302 toti-

318 1336 608 1420 demque
666 1339 840 1406 infra
885 1361 1008 1425 per
1065 1347 1277 1407 totum
1325 1343 1730 1407 membranae
1788 1342 2081 1425 spatium
2140 1341 2507 1406 decurrunt.

319 1438 574 1504 Ceterae
605 1447 799 1509 extra
827 1444 1127 1527 spatium
1175 1450 1402 1510 textus
1447 1464 1580 1509 non
1604 1451 1946 1528 vagantur.
2034 1442 2281 1507 Omnes
2309 1443 2505 1508 lineae

312 1542 504 1625 stylo
535 1544 763 1612 ductae
795 1553 970 1625 sunt,
992 1549 1176 1613 nullo
1209 1548 1500 1613 adhibito
1522 1550 1772 1624 colore,
1814 1546 2106 1630 stylique
2137 1546 2303 1610 satis
2327 1545 2512 1610 acuti

314 1646 674 1732 ipsamque
728 1652 1174 1717 membranam
1223 1653 1580 1719 incidentis
1622 1655 1972 1734 supersunt
2011 1648 2295 1730 vestigia
2338 1649 2509 1713 satis

314 1750 528 1817 clara.
617 1751 920 1836 Singulae
971 1756 1238 1838 paginae
1282 1757 1652 1822 consistunt
1696 1770 1953 1818 xxvu.
1999 1753 2219 1829 lineis,
2261 1751 2508 1836 quibus

312 1860 546 1918 textus
572 1857 891 1922 continuo
920 1859 1065 1923 sive
1088 1878 1224 1924 una
1246 1858 1415 1922 serie
1438 1857 1799 1940 inscriptus
1830 1862 1959 1919 est.
2045 1852 2506 1919 Atramentum

312 1975 443 2020 non
472 1956 756 2038 nigrum,
778 1959 898 2024 sed
925 1958 1175 2025 flavum
1205 1968 1276 2025 et
1294 1959 1637 2043 pallidum.
1728 1956 2109 2034 character,
2130 1975 2265 2040 quo
2288 1956 2507 2020 codex

313 2068 649 2125 exaratus.
679 2066 809 2139 est,
848 2063 1258 2129 minusculus
1306 2068 1569 2128 erectus
1608 2061 1845 2126 saeculi
1891 2059 2133 2126 decimi
2163 2059 2268 2124 vel
2296 2058 2507 2123 unde-

316 2162 495 2240 cimi,
526 2171 972 2248 praeterquam
1000 2166 1182 2250 quod
1214 2167 1543 2232 interdum
1577 2184 1708 2229 non
1735 2164 1953 2229 solum
1980 2163 2261 2246 singulae
2289 2161 2504 2226 literae

254 2302 261 2308 ·
313 2266 611 2331 unciales
635 2275 808 2345 sunt,
833 2269 955 2333 sed
987 2270 1241 2353 passim
1266 2289 1474 2334 voces
1500 2273 1569 2332 et
1584 2268 1854 2352 integrae
1869 2267 2067 2331 lineae
2082 2264 2327 2329 iisdem
2348 2283 2509 2328 con-

314 2374 492 2433 stant
515 2369 736 2433 literis
767 2371 1164 2436 uncialibus.
1252 2371 1633 2436 Occurrunt
1660 2371 1764 2434 hae
1786 2370 1992 2434 literae
2024 2369 2095 2432 in
2128 2366 2503 2432 nominibus

311 2490 779 2554 personarum,
806 2492 959 2557 quae
990 2474 1412 2538 sermonibus
1442 2471 1896 2556 praefiguntur,
1928 2469 2169 2536 deinde
2195 2471 2265 2533 in
2293 2466 2504 2551 epilo-

304 2592 395 2656 go
431 2572 521 2638 ad
567 2574 819 2638 calcem
854 2575 1373 2653 comoediarum,
1431 2576 1697 2641 tandem
1743 2575 1931 2639 initio
1981 2571 2353 2654 argumenti
2394 2569 2506 2633 vel

305 2675 592 2761 prologi.
678 2676 839 2742 Tria
889 2688 1109 2744 autem
1156 2680 1511 2743 uncialium
1553 2696 1801 2759 genera
1828 2675 2146 2756 distingui
2173 2678 2502 2758 possunt3

303 2778 601 2863 primum
629 2799 978 2845 commune
1021 2788 1090 2846 et
1132 2788 1533 2845 consuetum
1559 2782 1698 2857 est3
1745 2774 2137 2850 secundum,
2178 2773 2355 2856 quod
2397 2791 2502 2835 re·
2568 2848 2574 2856 ι

304 2881 651 2946 centiores
678 2882 1096 2967 diplomatici
1125 2884 1518 2967 scripturam
1549 2880 1911 2963 capitalem
1933 2881 2198 2952 vocant,
2230 2873 2500 2956 conspi-

303 2984 476 3051 citur
495 2984 566 3047 in
589 2983 797 3048 literis
825 3005 1168 3051 scenarum
1213 2984 1625 3063 initialibus3
1667 2982 1843 3046 tertii
1886 2980 2316 3064 paucissimae
2348 2983 2503 3040 sunt

302 3084 539 3163 literae,
569 3085 746 3151 ultra
773 3094 1164 3153 consuetum
1183 3085 1454 3152 modum
1477 3085 1786 3168 grandes,
1825 3091 1893 3147 et
1922 3083 2125 3148 variis
2156 3099 2502 3147 ornamen-

304 3189 389 3253 tis
415 3189 692 3266 cinctae‚
721 3188 980 3254 scilicet
1004 3189 1294 3254 initiales
1326 3189 1562 3272 primae
1594 3206 1814 3251 scenae
1854 3186 1920 3248 in
1974 3204 2098 3249 sex
2128 3181 2502 3249 Comoediis

305 3296 374 3357 et
400 3290 600 3355 litera
629 3290 691 3357 T
720 3290 916 3356 initio
959 3293 1160 3357 totius
1203 3292 1374 3357 libri.
1464 3291 1547 3355 In
1591 3289 1801 3354 literis
1838 3288 2222 3375 'uncialibus
2261 3283 2380 3348 VS
2428 3285 2499 3347 in

303 3411 502 3457 unam
532 3391 814 3474 figuram
842 3394 1187 3473 coalescit,
1237 3400 1314 3460 ut
1359 3395 1407 3459 S
1455 3411 1663 3478 supra
1713 3391 2014 3457 dextrum
2058 3407 2257 3453 cornu
2286 3387 2497 3452 literae

303 3492 370 3557 V
398 3497 694 3580 positum
726 3496 839 3562 sit.

386 3596 902 3665 Abbreviaturae
932 3597 1078 3662 sive
1118 3596 1514 3683 compendia
1543 3595 1891 3674 scribendi,
1915 3595 2071 3659 licet
2095 3612 2230 3656 non
2259 3590 2499 3665 desint,

300 3705 527 3765 tamen
551 3718 770 3787 neque
795 3706 1058 3764 textum
1088 3700 1287 3764 valde
1332 3706 1634 3776 onerant,
1671 3717 1889 3781 neque
1933 3694 2314 3776 sequiorem
2345 3708 2498 3772 pro-

301 3801 467 3869 dunt
494 3807 789 3866 aetatem.
880 3802 955 3865 Si
995 3820 1149 3866 cum
1191 3802 1418 3866 multis
1449 3800 1607 3877 illis,
1639 3819 1794 3883 quae
1834 3798 1917 3862 cl.
1951 3794 2269 3858 Mannert
2295 3787 2498 3876 (Misf-

307 3902 444 3981 cell.
465 3902 642 3968 meist
673 3901 1106 3988 diplomatisclz
1139 3900 1380 3971 Inhalts
1411 3924 1479 3987 p.
1506 3901 1653 3987 42.)
1682 3901 1800 3967 aeri
1826 3894 2183 3962 incidenda
2221 3894 2498 3972 curavit,

303 4012 800 4090 comparantur,
858 4026 1205 4090 perpauca
1262 4026 1413 4071 esse
1472 4006 1683 4071 diceS.
1770 3999 2067 4065 Afferam
2114 4016 2204 4065 ex
2250 3996 2496 4075 tabulis

302 4106 788 4173 Mannertianis
817 4107 1347 4186 abbreviaturas,
1395 4109 1456 4172 si
1502 4126 1634 4171 non
1663 4123 1919 4180 omnes,
1948 4107 2163 4165 tamen
2192 4116 2498 4180 magnam

304 4218 564 4294 partem
603 4228 852 4289 earum,
895 4227 1068 4295 quas
1112 4211 1182 4276 in
1216 4211 1454 4277 codice
1497 4208 1786 4289 Halensi
1813 4201 2258 4292 deprehendi3
2303 4218 2359 4265 e.
2404 4217 2499 4281 gr,
