3050 4942
555 337 644 404 34
1349 350 1720 400 rssnnwru
1771 350 1974 400 virA.

797 494 976 565 Quod
1003 494 1089 556 illi
1113 489 1495 556 maledictum
1519 494 1841 555 vehemens
1868 493 2235 570 existimant,

800 595 948 654 Eam
976 592 1215 653 laudem
1240 591 1338 651 hic
1365 591 1535 653 ducit
1559 592 1871 653 maximam
1896 612 1913 653 :
1955 613 2092 655 cum
2120 594 2236 657 illis
2264 595 2483 676 placet,

730 730 741 739 κ
798 692 916 760 Qui
939 689 1109 750 vobis
1133 688 1519 750 universis·et
1547 688 1769 770 populo
1796 689 2071 770 placent:

792 788 1060 857 Quorum
1087 805 1270 866 opera
1296 786 1358 847 in
1388 785 1571 859 bello,
1611 785 1673 845 in
1702 785 1846 859 otio,
1883 786 1944 847 in
1972 788 2238 868 negotio,

794 885 918 946 Suo
946 884 1200 964 quisque
1227 893 1494 963 tempore
1521 903 1670 945 usus
1699 894 1793 946 est
1820 884 1948 946 sine
1978 885 2269 966 superbia.

630 1058 878 1121 Videtur
906 1068 1103 1120 autem
1134 1079 1198 1120 se
1226 1058 1416 1121 levius
1454 1059 1818 1135 defendisse,
1869 1061 2012 1141 quia
2055 1060 2293 1122 sciebat*
2330 1060 2512 1121 Laelio
2540 1072 2601 1121 et
2631 1059 2762 1121 Sci-

548 1155 711 1235 pioni
739 1176 859 1216 non
896 1155 1191 1236 ingratam
1233 1176 1367 1218 esse
1410 1156 1569 1219 hanc
1616 1157 1990 1237 opinionem:
2034 1178 2170 1237 quae
2218 1166 2419 1218 tamen
2462 1156 2653 1237 magis
2699 1165 2763 1218 et

550 1273 741 1333 usque
759 1251 812 1283 ¹⁰
839 1251 917 1313 ad
944 1253 1275 1333 posteriora
1300 1263 1571 1335 tempora
1595 1255 1804 1316 valuit.

635 1350 711 1418 Q.
759 1351 1074 1410 Memmius
1116 1350 1176 1409 in
1226 1349 1514 1411 Oratione
1562 1370 1670 1431 pro
1714 1372 1779 1412 se
1819 1351 1932 1412 ait:
1976 1356 1994 1386 ‘
2017 1351 2170 1413 Pub.
2196 1351 2534 1424 Africanus,
2576 1351 2678 1430 qui
2723 1369 2763 1409 a

548 1445 822 1508 Terentio
847 1466 1164 1528 personam
1189 1455 1518 1522 mutuatus,
1547 1467 1684 1528 quae
1713 1447 1874 1508 domi
1903 1448 2130 1509 luserat
2154 1448 2305 1530 ipse,
2335 1449 2572 1509 nomine
2596 1446 2760 1507 illius

546 1544 608 1602 in
637 1564 876 1605 scenam
922 1542 1179 1606 detulit!
1261 1544 1467 1624 Nepos
1514 1553 1757 1606 auctore
1805 1555 1967 1606 certo
2011 1546 2370 1625 comperisse
2417 1565 2483 1606 se
2534 1544 2635 1616 ait,
2682 1543 2759 1604 C.

547 1638 816 1714 Laelium,
843 1640 1145 1722 quondam
1172 1641 1233 1701 in
1263 1640 1597 1703 Puteolano
1628 1634 1767 1703 Kal.
1798 1640 2034 1701 Martiis
2062 1640 2431 1702 admonitum
2456 1642 2529 1701 ab
2551 1628 2757 1712 uxore,

545 1737 866 1817 temporius
897 1748 964 1799 ut
984 1738 1403 1812 discumberet,
1429 1738 1673 1819 petiisse
1702 1739 1777 1798 ab
1807 1757 1881 1798 ea
1906 1758 1982 1798 ne
2009 1737 2521 1818 interpellaretur:
2568 1736 2758 1796 serius

544 1833 789 1895 tandem
813 1834 1149 1915 ingressum
1176 1836 1491 1897 triclinium
1519 1835 1762 1907 dixisse,
1793 1854 1915 1895 non
1946 1855 2106 1916 soepe
2131 1835 2191 1893 in
2223 1833 2538 1897 scribendo
2560 1834 2757 1913 magis

545 1935 910 1994 successisse
937 1934 1066 1994 sibi.
1151 1933 1385 1994 Deinde
1424 1942 1699 2013 rogatum
1749 1942 1819 1992 ut
1867 1933 2086 2013 scripta
2130 1931 2233 1992 illa
2280 1932 2587 2013 proferret,
2614 1950 2756 2013 pro-

543 2031 850 2092 nuntiasse
871 2050 1100 2104 versus,
1140 2032 1244 2111 qui
1270 2030 1501 2092 suntin
1537 2010 2218 2090 Heautontimorumeno·
2230 2048 2248 2090 :

705 2193 865 2253 Satis
893 2192 995 2272 pol
1021 2202 1288 2272 proterve
1314 2211 1411 2253 me
1440 2191 1572 2272 Syri
1597 2191 1891 2273 promissa
1915 2190 2036 2252 huc
2064 2190 2449 2252 induxerunt.

622 2357 840 2417 Santra
864 2355 1201 2416 Terentium
1224 2356 1542 2428 existimat,
1584 2354 1635 2416 si
1681 2356 1861 2416 modo
1904 2356 1966 2415 in
2014 2355 2329 2416 scribendo
2381 2355 2755 2436 adjutoribus

541 2453 881 2533 indiguerit,
920 2471 1043 2512 non
1072 2462 1194 2513 tam
1220 2451 1496 2533 Scipione
1524 2461 1589 2513 et
1614 2452 1797 2513 Laelio
1825 2453 1914 2513 uti
1955 2454 2238 2531 potuisse,
2284 2451 2389 2533 qui
2434 2463 2574 2513 tunc
2603 2452 2755 2513 ado-

538 2551 853 2614 lescentuli
893 2551 1078 2624 fuere,
1119 2569 1298 2630 quam
1347 2550 1420 2611 C.
1471 2548 1735 2629 Sulpicio
1781 2549 1981 2623 Gallo,
2030 2549 2267 2611 homine
2307 2547 2508 2621 docto,
2557 2559 2617 2611 et
2646 2550 2753 2630 qui

539 2648 952 2711 consularibus
973 2652 1021 2681 ¹¹
1065 2645 1225 2707 ludis
1250 2645 1479 2707 initium
1506 2645 1711 2708 fecerit
1737 2644 2092 2706 Fabularum
2120 2643 2455 2706 dandarum
2480 2665 2497 2706 :
2540 2645 2636 2706 vel
2669 2646 2751 2716 Q.

542 2747 728 2809 Fabio
756 2747 1055 2818 Labeone,
1085 2751 1144 2806 et
1172 2744 1260 2805 Μ.
1287 2741 1544 2823 Popilio,
1571 2742 1870 2803 consulari
1897 2728 2169 2821 utroque,
2218 2760 2289 2802 ac
2314 2743 2515 2821 poeta.
2599 2741 2750 2803 Ideo

539 2844 736 2925 ipsum
779 2863 898 2905 non
934 2842 1188 2923 juvenes
1227 2840 1603 2919 designasse,
1644 2839 1747 2920 qui
1797 2858 1861 2900 se
1909 2834 2207 2919 adjuvisse
2236 2837 2596 2927 dicerentur,
2639 2838 2751 2898 sed

539 2940 716 3012 viros,
743 2957 994 3017 quorum
1020 2955 1279 3018 operam,
1306 2947 1368 2996 et
1393 2937 1454 2994 in
1483 2936 1665 3007 bello,
1693 2944 1757 2995 et
1779 2936 1840 2995 in
1870 2934 2013 3008 otio,
2041 2944 2104 2995 et
2127 2935 2189 2995 in
2220 2935 2464 3014 negotio
2492 2935 2753 3015 populus

539 3036 620 3095 sit
644 3043 941 3114 expertus.
1022 3030 1174 3093 Post
1214 3031 1407 3092 editas
1453 3030 1796 3092 Comoedias
1840 3030 2109 3092 nondum
2138 3031 2410 3111 quintum
2438 3042 2616 3111 atque
2647 3031 2755 3092 tri-

538 3131 830 3212 gesimum
863 3148 1141 3211 egressus
1186 3148 1432 3201 annum,
1473 3146 1658 3189 causa
1698 3127 1996 3211 evitandae
2044 3128 2370 3208 opinionis,
2413 3130 2559 3209 quia
2584 3130 2755 3213 vide-f

534 3231 712 3289 batur
738 3227 932 3288 aliena
958 3246 1066 3307 pro
1105 3226 1231 3287 suis
1278 3226 1472 3300 edere,
1517 3246 1626 3286 seu
1670 3226 2036 3306 percipiendi
2081 3226 2428 3287 Graecorum
2477 3227 2756 3289 instituta

537 3344 870 3404 moresque,
898 3343 1049 3405 quos
1077 3323 1320 3404 perinde
1347 3323 1696 3403 exprimeret
1726 3323 1786 3383 in
1815 3323 2070 3404 scriptiS,
2092 3344 2370 3404 egressus
2394 3325 2600 3386 urbem
2631 3335 2749 3400 est,

536 3442 732 3503 neque
760 3422 1013 3504 amplius
1040 3420 1235 3484 rediit.
1319 3422 1414 3481 De
1440 3429 1631 3483 morte
1658 3420 1790 3502 ejus
1816 3420 2127 3484 Volcatius
2156 3419 2375 3484 tradit:

778 3585 924 3660 Sed,
950 3596 1021 3647 ut
1046 3586 1191 3646 Afer
1218 3605 1323 3647 sex
1348 3585 1569 3666 populo
1596 3584 1764 3646 dedit
1790 3583 2152 3657 Comoedias,

777 3683 900 3743 Iter
926 3681 1065 3744 hinc
1093 3683 1154 3742 in
1178 3683 1385 3743 Asiam
1407 3681 1570 3743 fecit.
1653 3682 1867 3742 Navim
1887 3699 2025 3741 cum
2053 3678 2238 3741 semel
2256 3679 2311 3711 ¹²

779 3777 1168 3854 Conscendit,
1194 3779 1357 3840 visus
1385 3797 1692 3860 nunquam
1721 3787 1836 3840 est.
1919 3778 2021 3839 Sic
2046 3776 2169 3837 vita
2196 3785 2394 3838 vacat.

601 4008 666 4054 10
697 4003 867 4068 Magis
898 4009 946 4054 et
979 4004 1145 4070 usque]
1173 4002 1346 4067 Vulgo
1367 4000 1602 4052 obscure.
1685 3998 1995 4051 Consualibus
2012 4001 2168 4050 Mn‘s:
2202 3997 2293 4050 sed
2315 3997 2489 4049 Faber
2503 3998 2619 4048 vult
2640 3998 2751 4064 legi

535 4082 613 4131 Ia.
677 4080 781 4134 Qui
797 4080 963 4131 edidit
983 4096 1048 4130 m.
1071 4085 1120 4130 et
1138 4095 1202 4129 m.
1222 4094 1383 4144 usque.
1683 4077 1975 4129 Cerealibus.
2009 4077 2175 4127 Zenn.

601 4162 662 4209 11
699 4159 770 4208 Et
791 4154 1227 4222 quioemhribus]
1257 4156 1596 4219 Rudas-on·
1742 4159 1807 4205 12
1845 4155 2022 4204 Navim
2049 4168 2155 4203 cum
2187 4151 2350 4218 semel]
2380 4154 2486 4205 Ms.
2511 4153 2753 4205 Danielis

535 4234 783 4286 alaribus.
862 4232 1017 4285 Lind.
1075 4233 1320 4283 Muretus
1377 4231 1597 4297 conjicit
1677 4233 1856 4285 Navim
1872 4240 1925 4284 ut
1948 4233 2107 4284 semel.
2147 4230 2298 4282 Lind.
