3050 4942
533 344 623 411 80
1365 365 1463 413 nn
1508 364 1891 417 ruarmo.

536 515 1015 590 quamageretur
1043 507 1369 582 Comoedia,
1391 509 1485 570 vel
1514 510 1666 570 inter
1691 510 1854 591 ipsos
1880 519 2069 572 actus.
2118 511 2295 573 Unde
2311 514 2458 575 illud
2487 515 2722 577 Plauti:

535 616 553 642 ⁶
578 607 816 668 Tibicen
845 628 949 669 vos
981 606 1203 666 interea
1228 607 1324 666 hic
1358 605 1721 667 delectabit.’
1805 607 2102 669 Ludiones
2149 620 2347 670 autem
2389 620 2452 672 et
2490 612 2724 675 histrio·

535 724 641 765 nes
672 706 749 765 ad
797 707 1052 767 tibicinis
1094 704 1304 764 modos
1349 705 1668 777 saltabant,
1712 715 1771 765 et
1810 705 2078 767 nonnihil
2129 708 2304 768 etiam
2334 698 2725 771 diverbiorurn

531 803 1011 881 pronuntiabant.
1067 801 1271 861 ‘Unde
1321 801 1559 862 Livius:
1622 802 1956 864 ‘Ludiones
2003 825 2077 865 ex
2130 805 2363 865 Etruria
2412 807 2603 878 acciti,
2646 807 2727 867 ad
2819 873 2831 884 ‚

533 899 786 960 tibicinis
819 902 1030 961 modos
1081 899 1388 972 saltantes,
1430 909 1534 958 aut
1577 899 1887 961 indecoros
1937 910 2130 961 motus
2161 922 2323 962 more
2352 901 2588 965 Thusco
2618 905 2729 965 da-

530 997 714 1056 bant!
796 998 1102 1077 Proprium
1138 996 1290 1055 enirn
1319 995 1616 1056 ludiorum
1645 1015 1716 1056 ac
1744 997 2069 1058 morionum
2101 1008 2227 1058 erat
2252 1010 2447 1060 motus
2476 1000 2727 1061 decoros

531 1113 603 1154 ac
643 1104 850 1174 gestus
902 1098 1141 1154 omnino
1190 1093 1471 1154 decentes
1522 1092 1857 1154 ostendere.
1965 1094 2291 1155 Tibicinum
2348 1106 2544 1157 autem
2595 1108 2730 1185 „erat

533 1190 832 1264 decorum,
860 1190 1093 1262 modos,
1121 1189 1234 1249 hoc
1264 1200 1375 1263 est,
1401 1209 1710 1249 mensuras
1735 1191 1796 1249 in
1833 1201 2014 1251 cantu
2043 1193 2374 1266 observare,
2417 1194 2729 1255 remissos-

457 1334 464 1340 .
531 1308 671 1368 que,
702 1298 802 1347 aut
833 1298 1062 1361 acutOS,
1094 1297 1197 1346 aut
1218 1286 1391 1346 etiam
1423 1307 1634 1367 graves
1654 1289 1847 1349 facere
1875 1309 1980 1368 pro
2009 1290 2265 1350 arbitri0.
2327 1291 2395 1348 In
2413 1290 2729 1372 Tragoedia

532 1395 593 1444 et
622 1385 815 1444 Satira
837 1384 1140 1444 sexdecim
1178 1404 1422 1444 numero
1464 1384 1934 1445 interveniebant
1959 1386 2252 1446 moriones
2280 1398 2341 1445 et
2366 1385 2684 1446 histriones
2707 1406 2724 1455 ;

530 1482 590 1542 in
624 1482 929 1542 Comoedia
957 1483 1132 1543 etiam
1161 1491 1412 1562 quatuor
1440 1490 1501 1541 et
1526 1482 1756 1560 viginti.
1842 1483 1959 1551 Qui
2006 1482 2180 1541 simul
2234 1483 2424 1543 coacti
2449 1484 2506 1541 in
2536 1484 2729 1563 quoli-

531 1580 634 1639 bet
657 1578 864 1640 horum
897 1599 1132 1659 genere,
1161 1597 1459 1658 unamque
1488 1597 1610 1637 rem
1635 1588 1903 1657 agentes,
1930 1589 1998 1638 ut
2016 1579 2140 1657 jam
2170 1579 2392 1638 dictum
2422 1589 2536 1653 est,
2567 1580 2727 1639 Cho-

532 1695 633 1736 rus
661 1678 1057 1745 vocabantur3
1110 1676 1281 1736 divisi
1332 1676 1388 1734 in
1442 1675 1593 1735 duas
1651 1687 1870 1755 partes,
1922 1675 2320 1736 Semichoria:
2381 1678 2483 1736 ubi
2528 1687 2725 1736 autern

530 1785 738 1853 gestus
767 1784 826 1834 et
850 1785 1063 1835 cantus
1094 1774 1474 1834 absolverant
1501 1792 1664 1847 suos,
1690 1785 1814 1834 tum
1836 1775 1894 1833 in
1924 1783 2125 1854 partes
2153 1772 2349 1852 plures
2379 1772 2731 1834 divideban-

530 1880 663 1931 tur:
707 1881 775 1932 ut
801 1872 900 1931 alii
927 1881 1131 1933 essent
1160 1872 1260 1950 qui
1307 1890 1503 1944 seneS,
1545 1870 1642 1929 alii
1691 1871 1792 1949 qui
1821 1882 2133 1937 amatores,
2176 1868 2574 1942 mulierculaS,
2604 1889 2727 1930 ser-

530 1986 637 2026 vos
666 1967 961 2041 luderent,
988 1966 1376 2049 personisque
1406 1986 1476 2026 ac
1505 1967 1760 2025 vestium
1787 1966 2065 2026 varietate
2094 1964 2496 2039 induerentur,
2524 1986 2730 2045 quem-

531 2062 853 2124 admodum
874 2083 969 2124 res
999 2064 1331 2136 exhibebat,
1362 2082 1432 2122 ac
1459 2062 1638 2122 moris
1667 2072 1792 2122 erat
1822 2062 1978 2143 apud
2008 2082 2134 2123 eos.

559 2294 925 2355 AMICTUS
970 2295 1070 2354 ET
1111 2295 1519 2355 PERSONAE
1563 2293 2092 2355 HISTRIONUM
2134 2292 2703 2355 SCENICORUM.

613 2454 923 2515 Personati
950 2455 1267 2516 histriones
1300 2458 1561 2535 agebant
1589 2455 1975 2529 Comoediam,
2005 2475 2196 2535 neque
2228 2454 2728 2534 agnoscebantur.

534 2551 654 2611 Sed
682 2552 766 2613 ita
786 2553 1129 2632 compositae
1160 2574 1230 2614 ac
1259 2554 1532 2614 conflatae
1560 2564 1729 2616 erant
1751 2572 2043 2634 personae,
2062 2562 2129 2611 ut
2154 2552 2434 2611 referrent
2455 2550 2513 2609 id
2533 2550 2733 2630 ipsum

531 2648 695 2729 quod
722 2668 759 2709 a
785 2650 963 2709 mimo
992 2652 1315 2729 argebatum
1384 2649 1706 2729 liceretque
1756 2651 1865 2709 sub
1910 2649 2051 2729 ipsis
2095 2668 2299 2709 vocem
2347 2648 2497 2727 ejus·
2522 2646 2733 2706 audire

529 2744 794 2807 liberam.
879 2744 1057 2819 Nam,
1088 2746 1247 2825 quod
1279 2746 1553 2807 nonnulli
1596 2746 1821 2818 dicunt,
1858 2744 2173 2805 histriones
2203 2754 2431 2806 tantum
2465 2745 2733 2824 gestibus

534 2842 900 2902 Comoediam
928 2844 1144 2921 egisse,
1190 2863 1309 2902 non
1351 2843 1525 2902 etiam
1557 2842 1690 2901 viva
1726 2841 2074 2921 prolatione,
2103 2840 2164 2900 id
2192 2842 2386 2900 minus
2414 2840 2554 2900 mihi
2593 2860 2735 2920 pro-

530 2938 793 3008 bandum
824 2958 956 3000 esse
986 2939 1233 2999 videtur.
1317 2937 1739 2999 Vestiebantur
1766 2958 2001 3018 quoque
2027 2938 2340 2999 histriones
2368 2958 2473 3018 pro
2500 2938 2734 2998 ratione

532 3053 758 3107 eorum,
799 3054 952 3113 quos
998 3036 1345 3106 referebant,
1396 3035 1511 3093 hoe
1561 3044 1673 3109 est,
1717 3035 1811 3093 vel
1860 3054 2178 3108 servorum,
2231 3036 2320 3095 vel
2361 3054 2589 3107 senum,
2632 3035 2734 3096 vel

534 3131 774 3191 alterius
815 3150 1087 3210 personae
1116 3130 1359 3190 diversis
1390 3130 1604 3190 modiS.
1648 3180 1666 3194 .
1689 3131 1941 3191 Senibus
1986 3132 2226 3192 comicis
2255 3131 2548 3191 candidus
2578 3131 2735 3196 Ves-

533 3226 678 3286 titus
707 3226 980 3298 dabatur,
1008 3228 1107 3306 qui
1132 3227 1307 3287 etiarn
1332 3226 1776 3306 antiquissimus
1805 3228 1989 3288 fuisse
2015 3238 2388 3294 memoratur.
2474 3226 2737 3287 Adoles-

534 3333 740 3384 eentes
770 3323 1046 3385 discolori
1072 3334 1233 3385 veste
1263 3326 1753 3404 contegebantur.
1840 3325 2003 3384 Servi
2030 3323 2238 3384 cornici
2268 3325 2483 3385 amictu
2512 3324 2735 3386 vestie-

534 3421 750 3481 bantur
777 3422 1016 3501 exiguo,
1045 3421 1407 3501 paupertatis
1438 3423 1697 3500 antiquae
1726 3421 1934 3501 gratia,
1957 3419 2051 3481 vel
2077 3441 2196 3501 quo
2223 3421 2558 3500 expeditius
2587 3441 2735 3500 age-

531 3528 681 3578 rent.
761 3517 1013 3578 Parasiti
1040 3539 1173 3577 cum
1223 3519 1456 3578 intortis
1504 3518 1695 3597 palliis
1726 3518 2063 3598 prodibant.
2148 3518 2372 3578 Milites
2414 3517 2733 3598 chlamyde

533 3634 829 3695 purpurea
855 3616 1189 3675 utebantur.
1273 3615 1500 3677 Puellae
1527 3616 1764 3676 habitus
1794 3626 1920 3676 erat
1942 3616 2303 3695 peregrinus.
2369 3616 2531 3675 Leno
2549 3616 2734 3693 pallio

535 3712 682 3771 varii
708 3712 925 3773 coloris
955 3712 1334 3772 vestiebatur.
1397 3712 1803 3775 Meretricibus
1833 3711 2128 3771 dabantur
2157 3712 2446 3791 Syrmata,
2470 3711 2586 3771 hoc
2617 3720 2733 3785 est,

478 3800 482 3803 ’
536 3817 729 3868 vestes
757 3828 1057 3887 expansae,
1087 3819 1146 3868 et
1174 3829 1308 3887 quae
1357 3809 1594 3887 longius
1644 3808 2060 3867 trahebantur:
2122 3818 2292 3866 erant
2335 3827 2572 3887 quoque
2600 3809 2733 3888 ple-

536 3921 784 3982 rumque
810 3904 952 3965 lutei
975 3905 1210 3977 coloris,
1238 3908 1316 3965 ob
1345 3905 1669 3965 avaritiam.
1756 3904 2026 3982 Syrmata
2043 3903 2243 3977 etiam,
2272 3923 2376 3972 seu
2402 3904 2568 3983 pulla
2595 3925 2734 3983 ges-

537 4000 744 4060 tabant
771 4000 1044 4061 luctuosa
1089 4003 1469 4074 funeralibus,
1510 4021 1644 4080 quae
1680 4000 1968 4060 incuriam
2015 4000 2106 4061 sui
2146 4002 2251 4081 per
2288 3999 2734 4079 'negligentiam

540 4096 969 4174 significabant.
1056 4098 1198 4175 Sed,
1228 4099 1277 4157 si
1304 4096 1544 4176 quando
1567 4095 1911 4157 variandum
1938 4097 2000 4155 in
2031 4097 2346 4157 Comoediis
2375 4106 2521 4170 erat,
2551 4100 2736 4157 vesti-

542 4200 758 4269 tusque
800 4193 1255 4258 commutandus
1297 4211 1405 4271 pro
1446 4193 1776 4268 affectibus,
1819 4213 1969 4273 quos
2017 4214 2092 4255 ex
2135 4193 2458 4255 Comoediae
2497 4194 2731 4255 actibus
