3050 4942
879 345 980 397 nn
1025 344 1438 397 'remmom
1490 347 1586 397 nr
1630 348 2013 400 conranni.
2459 339 2553 404 4⁷

348 485 786 551 madvertimus.
875 484 1071 565 Hujus
1101 496 1299 553 autem
1352 487 1598 569 originis
1640 491 1789 555 ratio
1836 493 1913 554 ab
1955 494 2171 556 exteris
2214 494 2552 558 civitatibus

348 585 723 672 moribusque
748 583 1033 663 pervenit.
1115 584 1511 647 Athenienses
1547 606 1825 668 namque,
1853 589 2115 651 Atticam
2143 590 2552 653 custodientes

348 681 728 761 elegantiam,
756 702 894 745 cum
921 681 1141 745 vellent
1175 682 1329 745 male
1356 684 1621 746 viventes
1653 696 1879 759 notare,
1924 688 1983 746 in
2013 688 2176 749 vicos
2204 699 2267 750 et
2294 690 2556 769 compita

348 800 420 840 ex
445 780 725 840 omnibus
751 780 901 841 locis
928 778 1052 840 laeti
1079 778 1430 861 alacresque
1450 782 1807 843 veniebant:
1838 783 2037 864 ibique
2056 804 2193 845 cum
2217 785 2557 847 nominibus

346 877 714 958 singulorum
741 879 923 939 vitam
959 876 1381 957 publicabant:
1443 877 1608 939 unde.
1649 898 1867 941 nomen
1900 882 2313 962 compositum,
2344 898 2411 944 ut
2437 883 2557 944 Co·-

346 976 567 1037 moedia
591 985 926 1038 vocaretur.
1012 973 1163 1036 Hoec
1191 984 1389 1036 autem
1417 976 1680 1037 carmina
1709 976 1769 1037 in
1799 978 1984 1058 pratis
2010 979 2262 1059 primum
2280 980 2559 1043 mollibus

344 1076 700 1154 agebantur.
768 1074 901 1135 Nec
926 1071 1176 1134 deerant
1200 1072 1466 1153 proemia,
1496 1074 1713 1152 quibus
1743 1075 1823 1134 ad
1850 1076 2229 1159 scribendum
2245 1075 2558 1138 doctorum

347 1181 810 1252 provocarentur
830 1170 1106 1252 ingenia:
1153 1170 1262 1231 sed
1304 1179 1366 1231 et
1394 1171 1693 1232 actoribus
1726 1191 1974 1234 munera
1999 1171 2414 1247 offerebantur,
2441 1194 2561 1254 quo

343 1270 630 1332 libentius
647 1269 921 1350 jucundo
960 1269 1124 1330 vocis
1150 1268 1312 1329 flexu
1358 1267 1437 1328 ad
1465 1267 1846 1330 dulcedinem
1875 1269 2563 1332 commendationisute-

342 1379 569 1431 rentur.
646 1367 840 1447 Caper
866 1386 1125 1448 namque
1155 1385 1264 1446 pro
1291 1364 1467 1426 donis
1495 1365 1589 1426 his
1612 1366 1884 1441 dabatur,
1909 1367 2048 1448 quia
2074 1366 2290 1429 vitibus
2318 1369 2563 1432 noxium

342 1465 570 1526 animal
596 1466 963 1528 habebatur:
1017 1485 1056 1525 a
1094 1482 1215 1543 quo
1261 1463 1440 1525 etiam
1494 1464 1825 1546 Tragoediae
1879 1483 2096 1526 nomen
2138 1475 2407 1526 exortum
2449 1476 2563 1527 est.

346 1562 641 1624 Nonnulli
680 1572 879 1624 autem
911 1582 987 1623 ex
1035 1581 1279 1623 amurca
1323 1561 1440 1622 olei
1489 1562 1662 1637 faece,
1708 1583 1845 1642 quae
1884 1572 1981 1623 est
2025 1560 2236 1622 humor
2263 1562 2562 1642 aquatilia,

343 1658 725 1740 Tragoediam
753 1657 873 1719 dici
902 1657 1216 1738 vocarique
1255 1657 1620 1720 maluerunt.
1706 1659 1825 1729 Qui
1859 1658 1985 1719 ludi
2014 1677 2149 1718 cum
2173 1678 2280 1740 per
2307 1658 2563 1720 artifices

341 1756 403 1816 in
432 1757 726 1818 honorem
774 1755 966 1816 Liberi
1005 1756 1192 1837 patris
1231 1764 1574 1835 agerentur,
1612 1756 1792 1816 etiam
1817 1755 1931 1837 ipsi
1962 1754 2399 1816 Comoediarum
2426 1757 2568 1816 Tra-

345 1853 803 1935 goediarumque
856 1851 1176 1932 scriptores
1236 1851 1421 1931 hujus
1472 1852 1610 1925 Dei,
1641 1851 1804 1912 velut
1848 1853 2055 1932 patris,
2099 1872 2318 1913 numen
2368 1852 2565 1914 colere

343 1950 735 2030 venerarique
785 1957 1113 2029 coeperunt.
1213 1947 1405 2028 Cujus
1457 1949 1541 2009 rei
1586 1948 1911 2028 probabilis
1957 1948 2108 2010 ratio
2154 1950 2372 2012 extitit.
2472 1951 2567 2012 Ita

342 2047 507 2110 enim
534 2047 801 2109 carmina
824 2046 1102 2109 inchoata
1126 2045 1601 2127 proferebanmr,
1632 2057 1702 2108 ut
1720 2067 1825 2126 per
1841 2066 1915 2108 ea
1933 2047 2144 2108 laudes
2172 2047 2302 2129 ejus
2325 2057 2389 2110 et
2405 2048 2569 2110 sacta

342 2144 614 2226 gloriosa
636 2143 919 2206 celebrari
947 2144 1313 2225 proferrique
1339 2153 1681 2207 constaret:
1728 2155 1854 2206 tum
1883 2146 2170 2227 paulati-m
2197 2145 2358 2207 fama
2386 2146 2565 2226 hujus

344 2243 495 2304 artis
520 2241 830 2304 increbuit.
923 2241 1183 2322 Thespis
1227 2249 1426 2302 autem
1474 2241 1700 2322 primus
1748 2241 1882 2304 hoec
1933 2244 2157 2323 scripta
2196 2244 2259 2304 in
2302 2242 2566 2304 omnium

345 2341 629 2402 notitiam
653 2338 921 2420 protulit.
1005 2336 1230 2398 Postea
1252 2336 1597 2420 AEschylus,
1628 2349 1870 2402 secutus
1912 2341 2270 2422 exemplum,
2297 2339 2566 2420 publica-

345 2439 453 2500 vit.
542 2437 637 2498 De
659 2437 875 2518 quibus
895 2433 982 2497 ita
1004 2434 1289 2496 Horatius
1317 2432 1552 2496 in'Arte
1582 2435 1828 2498 Poetica
1853 2436 2154 2520 loquitur:

514 2582 796 2662 Ignotum
816 2580 1088 2661 Tragicae
1118 2599 1308 2661 genus
1336 2579 1636 2641 invenisse
1663 2600 1954 2642 camoenae

518 2678 777 2752 Dicitur,
805 2686 869 2739 et
894 2674 1173 2759 plaustris
1202 2676 1436 2736 vexisse
1465 2677 1746 2755 poemata
1764 2675 2042 2755 ThespiS,
2081 2734 2088 2740 .

520 2774 675 2845 Quae
704 2782 989 2835 canerent
1013 2781 1373 2854 agerentque
1401 2772 1676 2851 peruncti
1703 2770 1952 2832 faecibus
1979 2760 2104 2830 ora.

517 2871 671 2934 Post
695 2871 856 2933 hunc
883 2889 1158 2950 personoe
1185 2867 1483 2950 pallaeque
1512 2875 1776 2947 repertor
1800 2865 2073 2929 honestae

524 2968 844 3051 AEscbylus
874 2976 936 3028 et
962 2965 1215 3027 modicis
1241 2964 1515 3026 instravit
1546 2963 1778 3047 pulpita
1804 2962 2007 3045 tignis,

521 3066 600 3125 Et
626 3063 829 3124 docuit
852 3081 1255 3143 magnumque
1281 3060 1469 3142 loqui,
1499 3061 1723 3142 nitique
1750 3061 2071 3123 cothurno·

522 3161 828 3223 Successit
852 3170 1026 3222 vetus
1051 3159 1150 3220 hic
1179 3158 1489 3220 Comoedia
1511 3177 1630 3219 non
1662 3160 1789 3220 sine
1816 3160 2007 3222 multa

528 3257 733 3319 Laude
759 3280 776 3319 ε
823 3257 932 3319 sed
958 3257 1020 3317 in
1046 3256 1252 3317 vitium
1279 3254 1519 3317 libertas
1549 3254 1793 3330 excidit,
1821 3264 1885 3317 et
1912 3256 2027 3317 vim

523 3356 788 3438 Dignam
808 3353 944 3435 lege
972 3353 1134 3433 regi:
1176 3353 1278 3414 lex
1305 3361 1400 3413 est
1426 3362 1710 3432 acceptat
1752 3353 2090 3435 chorusque

523 3452 796 3534 Turpiter
823 3451 1070 3513 obticuit
1093 3451 1328 3513 sublato
1348 3449 1483 3531 jure
1512 3449 1793 3511 nocendi.

525 3550 631 3612 Nil
657 3550 1016 3611 intentatum
1044 3548 1231 3609 nostri
1258 3543 1483 3630 liquere
1511 3549 1744 3630 po'etae:

474 3690 483 3695 -
525 3647 658 3709 Neo
686 3646 989 3707 minimum
1015 3666 1278 3708 meruere
1306 3645 1510 3720 decus,
1539 3646 1790 3727 vestigia
1813 3646 2031 3731 Graeca

526 3744 674 3805 Ausi
701 3742 995 3818 deserere,
1023 3752 1086 3805 et
1110 3743 1412 3805 celebrare
1442 3743 1776 3805 domestica
1801 3743 1981 3815 facta,

525 3840 643 3902 Vel
670 3840 771 3924 qui
798 3848 1143 3922 praetextas‚
1173 3838 1266 3901 vel
1294 3839 1396 3919 qui
1425 3838 1684 3900 docuere
1711 3848 1971 3919 togatas.

448 3995 680 4056 Fabula
706 3995 984 4075 generale
1018 4012 1235 4054 nomen
1264 3960 1417 4060 est}
1448 3989 1578 4072 ejus
1607 3988 1745 4049 duae
1782 3989 1983 4070 primae
2010 3994 2210 4067 partes
2240 3994 2400 4058 sunt,
2428 3981 2575 4044 Tra·

370 4093 568 4173 goedia
585 4102 647 4154 et
668 4093 996 4156 Comoedia.
1050 4091 1117 4153 Si
1142 4091 1354 4152 Latina
1381 4086 1815 4170 argumentatio
1837 4087 1934 4161 sit,
1963 4093 2320 4165 praetextata
2339 4081 2598 4179 dicitur3

375 4191 684 4254 Comoedia
708 4203 905 4254 autem
934 4191 1154 4253 multas
1182 4188 1417 4272 species
1439 4187 1640 4249 habet.
1723 4186 1847 4246 Aut
1879 4183 2036 4245 enim
2061 4182 2305 4264 palliata
2328 4188 2442 4253 est,
2471 4187 2577 4240 aut
