3050 4942
1141 362 1239 410 na
1285 362 1663 412 vuarno.
2411 354 2504 419 65·

298 500 531 582 positae,
561 504 622 565 in
654 523 718 564 se
748 522 867 564 non
897 504 1185 566 habentes
1214 505 1328 565 nisi
1355 515 1667 566 venustam
1694 505 2086 587 elegantiam:
2124 510 2330 589 quales
2360 524 2499 573 sunt

297 598 593 661 Plautinae
619 622 636 660 ε
682 601 1078 682 Rhyntonicae
1107 602 1429 664 Comoediae
1458 602 1638 664 dictae
1661 605 1736 665 ab
1765 605 2042 667 Auctoris
2071 610 2348 675 nominet,
2386 611 2498 671 Ta-

296 698 603 772 bernariae,
655 700 731 758 ab
765 699 1095 760 humilitate
1126 702 1456 780 argumenti
1488 712 1550 762 et
1577 702 1756 784 styli:
1800 703 2072 766 Palliatae
2100 707 2175 766 ab
2200 706 2404 767 habitu
2436 719 2498 768 et

295 806 648 874 argumento
677 795 913 857 Graeco.
971 795 1162 869 Minui,
1206 798 1281 857 ab
1311 797 1710 860 inverecunda
1735 799 2057 862 imitatione
2078 800 2278 863 vilium
2301 823 2510 864 rernm·

293 900 352 951 et
375 891 598 952 levium
626 913 1030 973 personarum.
1093 894 1443 974 Planipedia
1468 917 1707 976 quoque
1736 898 2043 959 Comoedia
2069 898 2251 973 dicta,
2280 902 2357 960 ob
2384 901 2496 961 hu-

293 988 597 1053 militatem
625 990 975 1068 argumenti,
1022 1009 1094 1052 ac
1121 990 1407 1052 vilitatem
1434 1004 1723 1067 actorum,
1769 994 1871 1074 qui
1900 1013 2021 1054 uon
2048 995 2359 1067 cothurno,
2390 1009 2495 1056 aut

295 1104 473 1147 socco
502 1088 819 1147 utebantur
849 1088 909 1149 in
936 1107 1137 1160 scena,
1180 1098 1284 1148 aut
1309 1089 1561 1168 pulpito,
1591 1090 1698 1150 sed
1741 1089 1921 1169 plano
1960 1090 2152 1170 pede:
2195 1091 2289 1152 vel
2336 1092 2502 1165 ideo,

293 1183 449 1262 quod
481 1203 606 1245 non
637 1203 706 1243 ea
735 1183 976 1265 negotia
1019 1185 1342 1258 contineat,
1381 1206 1516 1265 quoe
1568 1205 1952 1266 personarum
1993 1186 2053 1245 in
2083 1187 2361 1260 turribus,
2390 1199 2496 1249 aut

293 1281 348 1339 in
379 1281 709 1342 coeuaculis
735 1281 1126 1341 habitantium
1154 1292 1315 1355 sunt,
1341 1281 1447 1342 sed
1475 1282 1537 1340 in
1567 1282 1751 1361 plano
1778 1294 1839 1343 et
1866 1283 2068 1344 humili
2096 1284 2249 1344 loco·

373 1378 658 1439 Omnium
688 1389 883 1440 autem
915 1379 1351 1440 Cornoediarum
1379 1379 1620 1460 scripta,
1664 1402 1802 1461 quae
1833 1383 2115 1442 Dramata
2152 1382 2349 1444 Graeci
2389 1404 2498 1445 vo·

184 1518 204 1539 .
293 1477 533 1550 cabant,
573 1499 647 1538 ex
675 1488 927 1558 quatuor
956 1480 1132 1538 rebus
1166 1479 1406 1538 omnino
1437 1489 1787 1540 sumuntur:
1830 1479 2087 1552 nomine,
2131 1479 2285 1554 loco,
2314 1482 2498 1558 facto,

294 1581 532 1634 eventu.
598 1573 872 1645 Nomine,
893 1580 962 1633 ut
989 1572 1288 1647 Phormio,
1316 1573 1574 1655 Hecyra,
1607 1575 1917 1654 Gurguli0,
1947 1575 2252 1655 Epidicus.
2316 1579 2493 1653 Loco,

291 1678 358 1728 ut
382 1668 635 1741 Andria,
665 1669 984 1740 Leucadia,
1020 1669 1416 1730 Brundusina.
1490 1672 1698 1744 Facto,
1730 1683 1798 1732 ut
1828 1672 2176 1746 Eunuchus,
2201 1674 2494 1748 Asi-naria,

295 1766 548 1843 Captivi.
634 1767 885 1838 Eventu,
929 1776 998 1825 ut
1027 1764 1517 1839 CommorienteS,
1549 1767 1828 1846 Adelphi‚
1876 1767 2491 1829 Heautontimorume-

291 1880 423 1922 nos.
506 1862 806 1922 Dividitur
830 1863 1001 1923 Nova
1030 1863 1339 1924 Comoedia
1366 1863 1426 1922 in
1455 1874 1708 1949 quatuor
1734 1874 1969 1945 partes:
1999 1866 2329 1946 prologum,
2358 1886 2493 1945 pro-

292 1958 468 2032 tasin,
494 1960 776 2039 epitasin,
801 1961 1243 2042 catastrophen.

372 2056 669 2137 Prologus
708 2067 802 2118 est
828 2058 1010 2118 veluti
1038 2060 1309 2139 praefatio
1335 2060 1613 2139 quaedam
1645 2059 1911 2135 Fabulae,
1956 2061 2015 2121 in
2044 2079 2165 2140 qua
2191 2060 2286 2120 vel
2316 2063 2495 2140 poeta

295 2165 631 2227 excusatur,
658 2156 754 2215 vel
781 2155 982 2216 fabula
1009 2158 1475 2219 commendatur.

374 2254 641 2314 Protasis
670 2264 762 2313 est
789 2253 1011 2332 primus
1041 2264 1208 2315 actus
1235 2254 1498 2327 Fabulae,
1537 2256 1597 2315 in
1638 2273 1759 2335 quo
1786 2274 1924 2335 pars
1952 2257 2281 2336 argumenti
2308 2254 2495 2334 expli-

297 2359 481 2424 catur,
508 2369 647 2429 pars
676 2348 971 2422 reticetur,
1002 2351 1076 2410 ad
1105 2351 1310 2431 populi
1337 2352 1809 2432 expectationem
1835 2353 2175 2414 tenendam.

374 2445 639 2525 Epitasis
666 2446 1086 2507 incrementum
1119 2458 1233 2518 est,
1278 2466 1710 2526 processusque
1738 2448 2061 2521 turbarum,
2105 2456 2166 2508 et
2207 2447 2497 2511 involutio

299 2543 650 2622 argumenti,
678 2543 846 2622 cujus
875 2544 1174 2623 elegantia
1201 2546 1592 2607 connectitur.

328 2670 335 2675 ,
373 2640 775 2720 Catastrophe
819 2651 912 2701 est
951 2641 1264 2721 explicatio
1310 2641 1574 2715 Fabulae,
1618 2660 1724 2721 per
1753 2660 1931 2720 quam
1959 2649 2207 2701 eventus
2236 2641 2364 2718 ejus
2393 2659 2497 2700 ex-

294 2737 548 2817 plicatur
574 2748 756 2817 atque
784 2740 1158 2818 approbatur.

548 2918 665 2978 DE
706 2917 1117 2980 LUDORUM
1160 2918 1721 2989 ANTIQUORUM
1765 2904 2291 2977 GENERIBUS.‘

372 3045 618 3121 Verum,
662 3057 731 3110 ut
765 3048 957 3109 omnis
988 3047 1423 3109 Comoediarum
1453 3046 1605 3106 ratio
1632 3045 2275 3125 faciliusintelligatur,
2319 3051 2500 3122 atque

299 3140 449 3202 adeo
477 3156 573 3218 ea,
607 3166 741 3225 quae
783 3166 1017 3205 omnem
1047 3144 1482 3205 Comoediarum
1528 3143 1821 3204 actionem
1864 3152 2156 3222 spectant,
2186 3139 2499 3200 attenden-

298 3236 436 3298 dum
469 3251 564 3301 est
602 3243 875 3323 primum,
917 3242 1160 3323 quando
1204 3243 1431 3315 fierent,
1474 3262 1594 3322 quo
1638 3243 1792 3315 loce,
1839 3251 1901 3301 et
1928 3259 2047 3320 qua
2073 3240 2280 3302 forma.
2364 3237 2497 3297 Hoc

299 3346 494 3395 autem
525 3348 651 3396 tum
680 3337 916 3398 demum
947 3338 1133 3399 lector
1161 3337 1474 3418 intelliget,
1519 3358 1654 3397 cum
1699 3337 2052 3416 pernoverit,
2097 3335 2242 3416 quid
2285 3333 2505 3393 fuerint

298 3432 461 3512 apud
488 3434 786 3514 antiquos,
816 3436 984 3510 Ludi,
1012 3436 1287 3509 Theatra,
1319 3435 1528 3508 ActuS,
1562 3436 1791 3508 Scenae,
1820 3443 1882 3494 et
1912 3431 2255 3512 hujusmodi
2280 3439 2498 3491 cetera.

375 3528 571 3588 Vetus
601 3531 802 3609 itaque
832 3530 1161 3604 Comoedia,
1203 3532 1339 3591 item
1370 3531 1550 3590 etiam
1578 3529 1909 3610 Tragoedia,
1938 3531 2187 3609 primum
2218 3527 2314 3607 agi
2343 3527 2499 3587 sole-

296 3625 400 3684 bat
428 3645 467 3684 a
496 3626 751 3700 Graecis,
795 3627 854 3685 iu
898 3627 1042 3688 vicis
1088 3636 1149 3687 et
1197 3628 1381 3706 pratis
1425 3627 1725 3700 mollibus,
1771 3626 2042 3708 ascriptis
2079 3634 2142 3684 et
2178 3622 2497 3703 propositis

297 3721 578 3799 praemiis,
622 3722 835 3802 quibus
865 3722 941 3782 ad
972 3723 1348 3784 scribendum
1392 3727 1700 3804 poetarum
1733 3733 2194 3803 provocarentur
2220 3717 2497 3798 ingenia:

301 3818 598 3878 actoribus
627 3838 865 3899 quoque
890 3838 1135 3880 munera
1162 3817 1579 3890 offerebantur,
1615 3837 1908 3898 caperque
1934 3818 2094 3877 dono
2132 3815 2404 3887 dabatur,
2433 3823 2502 3874 ut

299 3910 581 3974 libentius
616 3916 887 3995 jucundo
930 3917 1092 3977 vocis
1132 3917 1291 3977 flexu
1319 3917 1396 3976 ad
1428 3914 1811 3976 dulcedinum
1840 3911 2364 3974 commentationes
2393 3930 2501 3991 po-

301 4009 506 4086 pulum
538 4011 861 4075 allicerent.

386 4110 737 4188 Agebantur
766 4111 1091 4171 Comoedia:
1133 4121 1194 4171 et
1218 4110 1549 4189 Tragoediae
1579 4106 1738 4188 apud
1766 4107 2199 4167 vetustissimos
2226 4109 2283 4166 in
2315 4104 2503 4163 hono-

309 4226 426 4271 rem
456 4208 647 4267 Liberi
673 4207 877 4288 patris.
960 4210 1027 4268 In
1059 4208 1225 4269 Italia
1252 4209 1502 4287 primum
1532 4217 1687 4267 actae
1713 4217 1853 4266 sunt
1880 4203 2290 4284 Compitalitiis
2321 4200 2503 4293 Ludi-

433 4303 609 4369 Delph.
632 4310 685 4354 et
704 4304 815 4358 Vtar.
837 4307 964 4357 Clas.
1325 4305 1511 4356 Terent.
1724 4317 1729 4321 ·
2328 4298 2380 4349 Ε
