3050 4942
844 372 941 421 nn
988 373 1292 422 comms
1337 372 1956 438 nrmssnsromnus,
2384 360 2510 428 161

329 524 539 600 quarto
567 533 771 577 versu:
814 514 875 580 in
904 535 1025 597 quo
1054 527 1117 580 et
1138 519 1463 581 trochaeum
1492 520 1756 581 invenias
1784 519 1955 579 tertia
1982 518 2143 592 sede,
2169 530 2230 580 et
2253 520 2510 581 iambum

329 613 537 672 sexta:
581 631 760 691 quare
802 632 1056 673 errorem
1087 616 1327 677 subesse
1354 599 1600 676 necesse
1643 627 1754 688 est,
1801 625 1862 676 et
1905 616 2216 677 confundit
2239 637 2509 679 versuum

327 717 450 769 tum
500 727 738 788 genera,
781 718 904 769 tum
952 712 1335 789 quantitates,
1418 713 1640 772 Nostra
1666 723 1861 771 autem
1889 712 2071 773 lectio¹
2093 712 2300 773 horum
2326 713 2509 773 nihil:

328 808 433 869 sed
463 809 725 890 asperior
752 807 879 870 visa
905 811 1082 870 estin
1127 810 1455 890 sententia:
1499 830 1637 871 cum
1683 820 1878 870 tamen
1922 831 2042 870 non
2091 813 2382 894 sitrnam
2427 814 2512 873 ita

329 903 507 966 dicit:
554 905 972 965 Patresduros
1000 905 1146 965 nihil
1173 906 1464 968 remittere
1494 905 1571 966 de
1614 906 1878 986 imperi0‚
1920 908 2081 988 quod
2109 920 2424 970 exerceant
2450 910 2512 969 in

328 1001 546 1062 liberos
570 1021 587 1060 ε
622 999 817 1061 omnia
844 1002 1024 1061 animi
1051 1002 1386 1062 laxamenta
1413 1001 1719 1080 prohibere
1744 1022 1759 1062 :
1803 1012 1883 1075 at,
1913 1006 2011 1082 qui
2040 1004 2219 1084 paulo
2247 1014 2339 1088 est
2365 1007 2512 1066 tole-

327 1098 582 1169 rabilior,
602 1097 800 1176 aliqua
828 1118 970 1159 sane
990 1098 1283 1177 patiatur:
1324 1099 1432 1159 sed
1461 1118 1582 1159 non
1598 1101 1802 1164 crebro
1828 1120 1900 1162 ea
1925 1101 2070 1161 fieri.
2129 1102 2384 1162 Mutavit
2405 1122 2510 1162 au-

328 1204 442 1255 tem
475 1214 779 1253 numerum
808 1197 1116 1256 verborum
1136 1196 1471 1263 Terentius;
1519 1216 1654 1257 cum
1681 1196 1740 1256 in
1764 1197 2046 1278 singulari
2073 1197 2247 1258 dixit:
2296 1205 2313 1234 ‘
2334 1201 2513 1279 paulo

331 1292 428 1372 qui
478 1300 575 1350 est
610 1290 972 1365 tolerabilis,'
1002 1292 1602 1359 debueratsubdere:
1661 1302 1676 1329 ‘
1701 1314 1821 1355 non
1850 1295 1977 1355 vult
2013 1296 2218 1355 crebro
2269 1299 2512 1357 scortari

326 1388 543 1447 liberos
576 1408 737 1461 suos,
768 1408 884 1448 non
917 1388 1044 1449 vult
1071 1391 1275 1450 crebro
1302 1389 1643 1452 convivari.’
1723 1392 1841 1450 Sed
1869 1391 2069 1451 retulit
2095 1411 2397 1452 numerum
2437 1393 2524 1452 ad’

329 1482 766 1544 universitatem
796 1494 1048 1563 patrum.
1115 1485 1195 1543 At
1222 1485 1279 1543 in
1312 1485 1618 1564 singulari,
1645 1485 2018 1560 tolerabilem,
2046 1496 2341 1566 posuerat,
2369 1508 2516 1566 quo-

327 1581 486 1640 niam
516 1582 764 1642 rariores
796 1572 954 1642 sunt.
1013 1582 1105 1651 Ita
1131 1592 1322 1642 mutat
1348 1603 1655 1642 numerum
1683 1584 1742 1641 in
1769 1583 2091 1643 Eunucho:
2124 1588 2142 1618 ‘
2165 1583 2516 1644 Eunuchum

327 1696 502 1756 porro
532 1678 682 1737 dixti
708 1677 861 1739 velle
889 1687 966 1753 te,
1012 1678 1168 1747 Quia
1205 1678 1350 1739 solae
1379 1688 1623 1738 utuntur
1647 1679 1738 1738 his
1765 1678 2027 1759 reginae!
2109 1677 2299 1745 Quam
2328 1689 2518 1739 muta-

327 1775 548 1835 tionem
575 1775 787 1854 aliquis
814 1774 1007 1835 minus
1037 1774 1406 1856 commodam
1433 1795 1568 1834 cum
1595 1785 1846 1854 putaret,
1888 1774 2136 1834 sublatis
2159 1774 2272 1833 illis
2301 1777 2515 1848 verbis,

318 1869 504 1948 paulo
551 1872 657 1951 qui
700 1878 786 1931 est
839 1870 1004 1930 homo
1056 1871 1397 1945 tolerabilis,
1438 1891 1573 1950 quae
1621 1871 1763 1931 vitia
1798 1872 2172 1951 prohiberent
2216 1880 2413 1950 patres
2456 1874 2516 1932 in

328 1975 534 2025 nostra
559 1966 835 2040 lectione,
875 1987 949 2027 ea
992 1968 1132 2027 fecit
1177 1978 1411 2048 patrare
1454 1968 1683 2047 flagitia·
1719 1967 1852 2029 filiis
1878 1970 1938 2027 in
1968 1988 2099 2030 sua.
2184 1968 2334 2027 Haec
2361 1978 2517 2043 sunt,

329 2062 592 2144 Sylviole
620 2064 726 2137 fili,
766 2084 901 2142 quae
944 2064 1407 2125 laboriosissima
1433 2084 1616 2145 opera
1643 2065 1876 2125 excussi
1905 2066 2008 2125 tibi
2032 2085 2046 2125 z
2090 2064 2385 2144 majorene
2414 2074 2521 2124 tae-

301 2160 425 2219 ·dio
478 2170 573 2221 tot
618 2160 987 2239 ineptiarum,
1046 2182 1122 2222 an
1184 2172 1365 2236 metu,
1409 2181 1484 2221 ne
1535 2162 1660 2242 pari
1701 2162 1935 2222 inscitia
1977 2180 2251 2241 caperere
2296 2162 2518 2222 nescio,

330 2256 517 2316 Omisi
547 2276 683 2319 vero
711 2257 900 2317 multa
926 2259 1186 2318 carmina
1224 2270 1625 2332 controversa,
1667 2267 1772 2318 aut
1816 2258 2112 2337 ambigua,
2161 2256 2277 2316 alia
2310 2267 2520 2317 vasta:

330 2374 465 2433 quae
491 2353 727 2413 etiarnsi
755 2353 832 2414 ad
864 2355 1176 2417 sanitatem
1203 2357 1566 2437 redigantur,
1609 2364 1672 2415 at
1714 2374 1856 2415 cura
1903 2355 2019 2416 ista
2061 2363 2263 2414 nostra
2298 2353 2393 2413 vel
2437 2354 2523 2412 sic

327 2439 509 2529 longe
536 2451 766 2511 minora
794 2452 931 2511 sint.
1016 2453 1235 2515 Verum
1262 2454 1559 2513 enimvero
1586 2471 1777 2533 neque
1803 2451 1908 2511 tibi
1935 2450 2182 2532 puerilia
2207 2448 2392 2510 videri
2419 2451 2524 2511 de-

329 2538 494 2622 bent,
547 2548 650 2627 qui
692 2550 810 2608 ista
853 2558 1031 2609 aetate
1058 2548 1330 2614 literariae
1359 2549 1559 2611 laudis
1586 2549 1808 2609 aditum
1838 2567 2071 2607 omnem
2099 2546 2400 2625 explorare
2432 2547 2539 2625 ju-¹

329 2645 484 2704 beris
516 2647 593 2704 ab
624 2643 822 2705 indole
847 2655 973 2717 tua,
1014 2667 1148 2725 quae
1176 2666 1394 2727 mag-na
1421 2665 1492 2706 ac
1520 2644 1710 2707 multa
1749 2641 2036 2721 promittit
2076 2641 2287 2700 nobis:
2331 2660 2525 2717 neque

332 2739 471 2799 mihi
500 2740 734 2820 plebeia
759 2740 930 2815 adeo,
977 2742 1036 2800 in
1081 2745 1315 2821 quibus,
1359 2740 1593 2802 omissis
1637 2738 1849 2798 studiis
1895 2735 2291 2815 gravioribus,
2324 2743 2523 2794 tantos

244 2853 251 2859 ·
332 2834 467 2895 illos
494 2835 657 2896 viros
684 2835 987 2896 elaborare
1017 2837 1239 2916 aliquid
1266 2857 1386 2898 non
1425 2835 1715 2916 poenituit.
1798 2834 1915 2902 Qui
1959 2834 2009 2893 si
2049 2830 2262 2911 quibus
2289 2830 2348 2889 in
2376 2830 2525 2889 locis

332 2931 485 3011 lapsi
517 2941 678 3006 sunt,
705 2932 801 2992 vel
828 2933 941 2993 hoc
969 2936 1159 3013 ipsum
1191 2935 1275 2994 eis
1303 2934 1606 3008 debeatur,
1651 2929 1813 3011 quod
1844 2949 1954 2990 nos
1982 2928 2293 2990 excitarint
2319 2925 2397 2985 ad
2425 2946 2526 2985 ve-

334 3029 591 3090 ritatem.
674 3028 859 3112 Cujus
905 3029 1292 3111 splendorem,
1337 3031 1423 3092 fili
1467 3029 1568 3104 mi,
1610 3028 1818 3108 quovis
1849 3028 2083 3087 nornine
2110 3025 2390 3086 cariorem
2420 3022 2528 3081 ha-

333 3125 472 3185 bere
500 3124 708 3184 debes.
776 3124 1066 3204 Magnum
1094 3126 1206 3185 fuit
1236 3126 1464 3187 Erasmi
1494 3118 1730 3198 nomen,
1772 3124 2094 3204 praesertim
2122 3123 2184 3181 in
2211 3118 2530 3179 Germania

337 3220 521 3281 literis
551 3222 992 3282 renascentibus
1017 3243 1033 3283 ε
1077 3224 1267 3303 majus
1295 3224 1578 3296 futurum,
1627 3222 1676 3281 si
1726 3221 1822 3281 ille
1850 3221 2039 3280 minor
2064 3238 2195 3279 esse
2222 3216 2528 3277 voluisset.

340 3318 541 3389 Nunc,
583 3316 768 3375 fretus
813 3318 1033 3397 ingenii
1082 3320 1172 3377 sui
1222 3317 1651 3399 magnitudine,
1693 3316 1879 3375 multa
1919 3327 2168 3375 tractare
2210 3328 2529 3391 aggressus

340 3423 451 3486 est,
493 3411 675 3491 paulo
717 3412 909 3472 minus
950 3423 1221 3473 accurate
1247 3433 1262 3474 :
1307 3414 1391 3473 ita
1418 3433 1454 3472 a
1482 3411 1734 3474 nominis
1764 3412 2027 3470 claritate
2054 3410 2319 3490 profecta
2348 3407 2530 3467 confi-

341 3507 544 3568 dentia
567 3508 930 3588 praecipitem
962 3509 1127 3569 illum
1155 3511 1310 3589 egit,
1322 3528 1444 3569 non
1474 3509 1600 3570 sine
1630 3506 1942 3587 dispendio
1969 3506 2282 3565 multorum
2311 3502 2534 3564 studio·

344 3623 582 3663 sorum:
628 3604 729 3683 qui
772 3623 977 3664 omnes
1022 3625 1156 3665 cum
1199 3604 1360 3664 docti
1388 3623 1522 3663 esse
1549 3601 1925 3661 vehementer
1950 3608 2318 3679 exoptarent,
2358 3596 2534 3675 pauci

344 3709 541 3759 autem
567 3699 906 3762 laborarent
933 3700 1162 3760 omissis
1191 3697 1489 3770 aerumniS,
1537 3716 1672 3777 quae
1717 3696 1861 3776 ipsis
1904 3695 1966 3753 in
2010 3694 2383 3770 antiquorum
2409 3690 2531 3748 lec-

343 3795 503 3854 tione
528 3795 732 3854 multae
761 3795 1128 3876 exequendae
1149 3788 1776 3869 erant,.compendium
1797 3789 1955 3848 nacti
1981 3806 2180 3849 eorum
2204 3805 2338 3865 quae
2359 3784 2533 3843 Eras-

346 3910 474 3949 mus
504 3890 563 3948 in
593 3910 775 3949 unum
804 3891 1118 3969 co‘dgisset,
1160 3891 1211 3950 ei
1238 3889 1315 3948 de
1342 3886 1623 3950 omnibus=
1642 3884 1817 3944 fidem
1847 3885 1930 3943 ita
1953 3882 2230 3954 habuere,
2258 3891 2326 3940 ut
2352 3880 2532 3939 etiam

349 3986 683 4045 extantibus
733 3986 1055 4064 priscorum
1101 3983 1519 4053 monumentiS,
1563 3979 1722 4038 unde
1770 3979 1869 4037 ille
1909 3974 2369 4057 velaliquando
2411 3994 2531 4035 non

347 4080 503 4140 bona
531 4081 645 4142 fide
676 4083 1022 4159 accepisset,
1056 4082 1281 4141 Erasmi
1308 4098 1521 4140 nomen
1544 4096 1670 4146 >non
1702 4095 1806 4154 pro
1835 4084 2007 4147 teste,
2052 4073 2166 4133 sed
2184 4091 2290 4153 pro
2306 4067 2530 4150 judice,

355 4176 551 4249 citent,
579 4190 757 4257 atque
786 4178 960 4238 alieni
999 4178 1212 4238 laboris
1240 4196 1358 4239 non
1405 4173 1576 4253 quasi
1618 4170 2061 4234 beneficiarium.
2080 4169 2301 4229 faciant
2327 4166 2534 4227 aucto-

481 4287 654 4353 Delph.
676 4296 724 4339 et
749 4289 861 4343 Var.
884 4292 1012 4340 Clas.
1373 4289 1559 4338 Terent.
2116 4315 2131 4321 -
2361 4280 2405 4328 1⁴
