3050 4942
660 340 1063 411 covsANus
1114 346 1211 395 ns
1259 349 1486 401 rums
1539 354 2149 415 M'EGALBNSIBth.
2417 357 2503 425 81

308 478 739 557 significabant,
778 483 934 544 laetis
977 487 1227 549 vestitus
1267 489 1518 555 dabatur
1567 497 1901 563 candidus:
1943 509 2294 571 aerumnosis
2321 513 2502 577 obso-

300 571 485 635 letus:
531 576 699 637 diviti
726 599 964 660 quoque
1006 603 1373 664 purpureus:
1417 594 1665 671 pauperi
1700 595 2049 677 phoenicius.
2132 605 2502 687 Tragici-aut

300 672 551 751 tragoedi
600 685 831 737 actores
880 680 1429 747 Calceamentorum
1477 709 1694 767 genere
1738 712 1776 752 a
1825 694 2126 759 Comoedis
2174 705 2498 783 variabant,

296 786 483 846 eoque
519 769 1023 836 discernebantur.
1108 779 1438 843 Utebantur
1492 786 1648 846 enim
1693 788 1929 870 Tragici
1976 794 2038 853 in
2081 796 2337 861 Theatro
2376 797 2497 865 Co·

296 864 547 940 thurniS,
575 868 739 946 quod
767 870 884 931 tale
913 891 1104 951 genus
1135 886 1261 937 erat
1288 878 1697 957 calceamenti,
1729 895 1798 945 ut
1826 886 2035 951 dextro
2060 892 2327 973 laevoque
2355 899 2495 977 pedi

295 963 666 1025 conveniret:
690 976 947 1027 ceterum
969 970 1154 1031 altum
1172 981 1235 1033 et
1248 975 1611 1053 prominens,
1625 989 1973 1062 actoresque
1992 989 2350 1066 proceriores
2366 995 2494 1055 effi-

293 1057 455 1119 ciens
478 1079 551 1121 ac
568 1061 856 1125 referens:
878 1066 1020 1132 varii
1037 1068 1276 1144 coloris,
1292 1082 1353 1132 et
1374 1072 1691 1136 honestum
1712 1089 1890 1159 atque
1908 1082 2184 1162 elegans:
2208 1090 2491 1167 usquead

289 1173 485 1215 suram
512 1157 858 1239 plerumque
886 1161 1247 1240 devinctum,
1275 1186 1437 1232 more
1471 1170 1720 1233 Punico.
1810 1175 2036 1239 Comici
2082 1190 2338 1258 actores,
2381 1195 2489 1249 aut

288 1254 561 1327 comoedi,
611 1256 675 1316 in
722 1259 919 1319 scenis
968 1262 1171 1322 Soccis
1220 1267 1577 1331 utebantur:
1647 1272 1809 1350 quod
1854 1275 2240 1339 calceamenti
2290 1301 2483 1362 genus

286 1350 508 1431 optime
552 1354 666 1412 sub
708 1354 890 1433 pallio
936 1360 1344 1421 conveniebat.
1430 1364 1947 1433 Quemadmodum
1975 1373 2132 1433 enim
2158 1395 2485 1459 pauperum

285 1466 355 1507 ac
382 1448 737 1509 rusticorum
764 1453 1176 1516 vestimentum
1206 1457 1318 1518 fuit
1356 1459 1632 1538 Pallium,
1675 1464 1765 1525 ita
1796 1466 1971 1526 etiam
2020 1469 2246 1532 Soccus
2297 1475 2484 1535 altum

280 1545 395 1604 fuit
437 1546 904 1609 calceamentum
958 1551 1192 1614 rusticis
1241 1558 1561 1638 proprium,
1608 1571 1847 1641 propter
1888 1563 2102 1627 imbres
2150 1577 2213 1627 et
2270 1569 2480 1650 lutum,

278 1651 460 1721 atque
503 1642 802 1724 hybernas
847 1646 1113 1726 pruinas.
1192 1651 1281 1710 Eo
1326 1654 1713 1716 calceamenti
1756 1677 1972 1736 genere
2008 1662 2327 1724 utebantur
2354 1675 2479 1726 tam

276 1739 387 1799 viri
416 1759 595 1818 quam
620 1741 913 1804 mulieres.
1007 1744 1443 1813 Quintilianus:
1502 1757 1521 1786 ‘
1546 1752 1857 1814 Comoedia
1895 1755 1958 1814 in
2003 1758 2329 1820 cothurnos
2357 1782 2477 1822 non

275 1836 575 1916 assurgit:
617 1858 729 1898 nec
763 1848 971 1899 contra
996 1841 1312 1921 Tragoedia
1340 1867 1518 1908 socco
1546 1848 1917 1928 ingreditur!
1955 1852 2270 1933 Tragoedia
2291 1858 2473 1932 enim,

274 1953 412 1992 cum
439 1953 618 2013 grave
646 1945 707 1995 et
732 1955 1013 2017 magnum
1055 1951 1490 2019 argumentum,
1537 1964 1907 2027 magnasque
1955 1958 2016 2008 et
2040 1949 2312 2028 ingentes
2342 1973 2478 2032 per·

274 2048 455 2089 sonas
484 2050 610 2110 prae
639 2051 704 2091 se
731 2033 925 2104 ferret,
950 2032 1258 2096 cothurnis
1286 2039 1375 2098 uti
1404 2039 1627 2101 debuit.
1697 2042 2064 2103 Comoediam
2096 2055 2315 2122 autem,
2337 2068 2473 2111 cum

274 2136 434 2186 esset
477 2126 739 2199 humilis,
786 2139 848 2189 et
888 2131 1139 2192 rusticos
1184 2148 1537 2214 proponeret
1576 2139 1637 2197 in
1683 2158 1889 2212 scena,
1931 2139 2128 2219 palliis
2178 2153 2240 2204 et
2282 2147 2474 2208 soccis

272 2224 639 2284 commodius
689 2235 816 2285 erat
841 2229 1057 2289 ornari.
1139 2229 1315 2298 Quod
1360 2243 1645 2312 praeterea
1689 2234 1766 2295 de
1810 2234 1902 2295 his
1933 2238 2106 2296 rebus
2148 2238 2265 2299 dici
2291 2260 2472 2322 posse

273 2319 566 2398 quispiam
600 2320 914 2401 judicabit,
960 2326 1022 2386 id
1064 2328 1126 2386 in
1160 2327 1319 2388 aliud
1348 2341 1582 2411 tempus
1605 2341 1882 2410 expectet
1906 2352 2151 2396 necesse
2174 2345 2305 2395 est:
2349 2358 2468 2399 non

272 2415 426 2474 enim
454 2417 552 2476 hic
581 2419 779 2479 omnia
805 2422 983 2481 simul
1018 2414 1313 2484 discutere
1360 2428 1532 2486 nobis
1556 2427 1745 2500 licuit,
1791 2438 1916 2488 tum
1942 2439 2178 2509 propter
2204 2431 2287 2492 rei
2315 2432 2469 2495 diffi-

270 2512 577 2590 cultatem,
597 2525 724 2577 tum
745 2537 883 2579 vero
910 2520 1050 2599 quia
1071 2541 1175 2601 per
1201 2523 1445 2602 negotia
1472 2524 1668 2584 minus
1691 2524 1805 2585 fuit
1829 2526 2225 2589 commodum.

653 2949 1311 3084 'AN'romus
1388 2985 2041 3080 eovEAN'Us

862 3175 968 3226 DE
1012 3174 1231 3227 LUDIS
1279 3174 1863 3229 MEGALENSIBUS.

262 3351 357 3414 DE
386 3355 572 3415 Ludis
602 3354 1052 3435 Megalensibus
1075 3356 1216 3436 quia
1236 3356 1379 3416 certi
1408 3355 1554 3416 nihil
1585 3357 1743 3436 apud
1764 3358 2056 3419 Auctores
2080 3358 2456 3438 reperiebam,

260 3470 374 3510 non
414 3453 524 3511 abs
569 3473 631 3512 re
679 3441 899 3531 putavi,
949 3474 1083 3533 quae
1128 3452 1407 3532 colligere
1433 3454 1559 3533 ipse
1602 3456 1789 3535 potui,
1835 3455 1897 3514 in
1942 3455 2198 3515 medium
2229 3455 2453 3517 afferre.

256 3547 666 3624 Μεγαλησίουε
686 3548 943 3629 Magnos
973 3548 1090 3608 dici
1120 3568 1155 3608 a
1176 3548 1403 3609 Groecis
1431 3550 1594 3628 Deos
1618 3561 1824 3614 auctor
1845 3560 1938 3611 est
1964 3552 2271 3614 Donatus:
2299 3553 2458 3613 Σιοῦε

253 3644 410 3704 enim
440 3644 644 3704 AEoles
682 3645 844 3705 Deos
873 3653 1123 3712 vocant:
1168 3645 1326 3705 unde
1377 3645 1633 3725 Sibyllas
1677 3647 1793 3707 dici
1838 3646 1968 3707 vult
2009 3648 2250 3708 Aristo:
2293 3647 2455 3726 quod

255 3740 518 3801 Deorum
547 3750 777 3801 mentes
806 3740 1168 3820 consiliaque
1196 3740 1573 3821 perspiciant.
1657 3744 1915 3823 Magnos
1963 3763 2102 3804 vero
2154 3744 2315 3803 Deos
2363 3744 2485 3802 in-.

254 3837 477 3917 tellig0,
507 3856 662 3915 quos
693 3837 979 3917 majorum
1008 3838 1272 3916 gentium
1304 3837 1515 3898 Cicero
1543 3848 1737 3910 vocat,
1766 3838 1868 3917 qui
1897 3858 1934 3898 a
1960 3839 2125 3899 terris
2152 3838 2214 3898 in
2240 3837 2456 3899 coelum

255 3952 368 3992 non
418 3953 787 4013 pervenere:
849 3934 999 3993 tales
1047 3935 1415 3995 habebantur
1464 3934 1716 4013 Jupiter,
1773 3936 2136 4017 Neptunus,
2163 3936 2453 4009 Minerva,

255 4029 427 4089 Juno.
514 4030 599 4088 At
645 4043 842 4108 neque‘
885 4029 1117 4108 magnis
1162 4030 1432 4090 omnibus
1486 4031 1638 4105 Diis,
1687 4031 1794 4091 sed
1836 4041 2065 4093 tantum
2113 4032 2478 4093 coelestibus

256 4135 413 4186 erant
442 4126 509 4187 hi
542 4124 694 4185 Ludi
724 4127 1070 4186 consecrati.
1156 4127 1285 4186 Hos
1316 4145 1471 4200 esse,
1516 4147 1668 4208 quos
1697 4127 2001 4189 Romanos
2030 4129 2262 4189 interim
2288 4126 2452 4187 vide—

373 4219 558 4289 Daph.
578 4228 631 4273 et
648 4222 767 4273 γαν.
789 4223 919 4273 σιω.
1263 4217 1455 4277 Terent.
2277 4224 2322 4274 Ε·
