3050 4942
1014 410 1111 458 DE
1159 407 1436 458 METRIS
1483 408 1803 481 comlcls.
2369 399 2502 467 227

316 549 451 611 dum
480 549 718 631 quidem
745 552 805 611 in
833 551 1023 612 verbis
1067 551 1244 630 hujus
1287 551 1489 612 formae
1535 550 1776 614 dubium
1819 560 1931 627 est,
1974 561 2167 614 utrum
2204 555 2391 636 prima
2417 578 2495 619 an

316 647 518 706 ultima
559 649 638 708 sit
675 669 810 729 quae
852 668 957 729 pro
1004 658 1274 730 correpta
1299 649 1605 722 habeatur,
1633 657 1702 707 ut
1746 648 1830 721 in,
1872 650 2106 730 expedi,
2154 653 2491 735 centuplex,

311 744 582 823 perdidit,
604 749 719 805 διο.

391 841 595 913 Sexte,
622 841 680 901 in
721 841 1104 922 polysyllabis
1135 841 1383 921 syllaba,
1412 861 1549 920 quse
1594 849 1830 901 acutam
1874 844 2133 921 proxime
2180 848 2484 926 praecedit,

313 955 470 1017 saepe
498 938 963 1020 corripitur‚·etsi
1004 958 1124 998 non
1150 937 1442 1017 positione
1471 936 1672 1010 mod0,
1700 936 1808 998 sed
1853 948 1917 999 et
1952 940 2143 1001 vocali
2185 941 2367 1023 longa
2394 945 2490 1020 sit,

308 1034 364 1092 vi
387 1053 590 1094 eorum
618 1055 752 1114 quae
781 1035 856 1096 de
885 1044 1134 1096 accentu
1161 1034 1324 1096 dicta
1351 1043 1511 1109 sunt,
1537 1043 1605 1093 ut
1629 1033 1691 1093 in

466 1168 779 1244 argentum
939 1165 1330 1227 ministremus
1511 1163 1824 1224 voluntatis
2032 1166 2410 1246 supellectilis

466 1266 708 1323 ornatus
934 1269 1313 1343 magistratus
1506 1261 1826 1340 voluptatis
2030 1263 2332 1327 cicatrices

465 1356 862 1419 Alexandrum
942 1360 1291 1440 pugillatum
1508 1358 1835 1419 venustatis
2036 1361 2345 1423 obedirent

469 1457 826 1535 gubernator
944 1456 1251 1537 potestatis
1509 1455 1829 1516 senectutis
2033 1457 2337 1519 videbatur

2040 1557 2413 1618 verebamini.

385 1669 637 1730 Plautus
687 1668 800 1730 bac
848 1667 1087 1729 licentia
1132 1685 1278 1728 usus
1333 1675 1427 1727 est
1479 1661 1657 1727 etiam
1701 1685 1837 1727 cum
1880 1667 2168 1745 syllabam
2215 1669 2491 1749 producit

304 1766 731 1847 diphthongus,
758 1774 828 1825 ut
860 1765 942 1838 in,
970 1762 1189 1824 audivi.
1232 1764 1304 1822 In
1333 1762 1634 1823 nonnullis
1661 1762 1861 1836 etiam,
1890 1784 2025 1825 cum
2054 1765 2284 1845 syllaba
2311 1776 2489 1827 acuta
2587 1836 2594 1840 q

301 1860 495 1921 brevis
523 1870 638 1932 est,
667 1880 741 1920 ea
765 1881 901 1942 quse
949 1860 1111 1919 illam
1156 1859 1419 1939 proxime
1466 1856 1769 1938 praecedit,
1798 1859 1909 1920 etsi
1936 1860 2126 1921 vocali
2154 1861 2339 1941 longa·
2361 1864 2487 1923 ani-

301 1966 482 2031 mata,
508 1966 709 2018 tamen
736 1957 1063 2039 corripitur,
1089 1965 1158 2017 ut
1176 1957 1260 2030 in,
1284 1954 1541 2015 amicitia
1563 1966 1625 2015 et
1649 1954 1954 2033 pudicitia.

386 2055 673 2134 SeptimO,
702 2055 761 2114 in
804 2052 1107 2133 quibusvis
1148 2054 1340 2114 verbis
1367 2052 1635 2114 vocalem
1663 2052 1903 2131 longam
1935 2054 2025 2115 vel
2048 2052 2483 2136 diphthongum

300 2150 540 2210 finalem
578 2160 857 2230 sequente
883 2151 1073 2210 vocali
1098 2149 1440 2228 corripiunt,
1466 2157 1530 2209 et
1553 2168 1659 2229 pro
1688 2149 1925 2211 arbitrio
1953 2153 2268 2231 negligunt
2293 2152 2485 2232 longi-

300 2246 569 2308 tudinem
599 2268 674 2309 ex
692 2247 981 2328 positione
1003 2247 1132 2306 sola
1157 2233 1346 2307 ortam
1370 2266 1386 2314 ;
1430 2254 1493 2306 et
1517 2245 1760 2325 quasvis
1790 2245 2049 2326 syllabas
2078 2267 2185 2327 pro
2210 2250 2485 2309 brevibus

300 2343 545 2416 habent,
595 2363 844 2423 quarum
869 2342 1092 2403 vocalis
1140 2342 1332 2402 brevis
1380 2354 1492 2415 est,
1543 2342 1833 2421 siquidem
1880 2355 2161 2405 accentus
2210 2365 2329 2405 non
2380 2365 2484 2408 eas

301 2439 593 2501 intendat.
693 2440 944 2500 Plautus
998 2437 1239 2519 quidem
1289 2437 1480 2517 ipsam
1528 2448 1762 2498 acutam
1790 2458 2024 2520 quoque
2077 2441 2140 2500 in
2187 2441 2486 2502 nonnullis

299 2536 600 2616 corripuit,
626 2545 695 2596 ut
719 2536 781 2595 in

462 2649 704 2710 dedisse
965 2647 1251 2738 modestes
1490 2648 1778 2710 fenestras
2018 2607 2324 2731 Philippus

460 2766 708 2807 necesse
964 2745 1213 2805 sceleste
1491 2744 1744 2822 papillas
2017 2746 2308 2826 Philippei

457 2843 661 2904 libello
926 2881 931 2886 -
960 2842 1220 2922 puellam
1505 2841 1755 2921 sagittas
2024 2842 2341 2904 sinistram.

378 2972 691 3032 Terentius
717 2990 855 3033 vero
883 2957 1197 3050 nusquam,
1226 2968 1388 3049 quod
1418 2968 1623 3055 sciam,
1648 2967 1765 3030 'nisi
1790 2968 1870 3043 in,
1898 2972 2131 3030 tametsi
2159 2981 2219 3031 et
2243 2972 2481 3046 favillae,

298 3088 449 3147 quas
476 3069 538 3127 in
567 3067 732 3147 vulgi
758 3086 993 3147 quoque
1019 3085 1121 3127 ore
1141 3064 1353 3143 corripi
1381 3067 1568 3126 solere
1589 3064 1865 3126 credibile
1892 3079 2023 3127 est:
2066 3068 2227 3149 quod
2256 3070 2329 3129 de
2353 3069 2482 3130 aliis

300 3166 475 3228 etiam
497 3164 812 3224 maximam
838 3172 1064 3243 partem
1091 3161 1408 3222 dicendum
1433 3162 1697 3222 arbitror.

382 3260 636 3336 Octavo,
661 3262 721 3321 in
753 3279 931 3320 unam
959 3255 1282 3339 saepissime
1306 3259 1664 3319 contrahunt
1697 3259 1957 3341 syllabas
1986 3261 2045 3320 in
2090 3262 2301 3343 quibus
2346 3263 2482 3323 duas

300 3357 526 3436 quaevis
553 3359 790 3420 vocales
819 3365 1195 3431 concurrunt,
1223 3366 1292 3416 ut
2005 3345 2010 3354 ‘

543 3487 599 3546 ai
625 3488 706 3560 in,
731 3486 828 3545 ain
1144 3485 1203 3543 ia
1228 3485 1310 3554 in,
1334 3484 1488 3542 scias

536 3602 613 3643 ea
637 3581 721 3655 in,
748 3581 913 3641 solea
1137 3582 1190 3639 ei
1210 3580 1290 3652 in,
1316 3579 1494 3642 hodie
1563 3615 1566 3620 ·
1741 3582 1800 3641 oi
1827 3582 1910 3653 in,
1933 3582 2100 3662 proin

541 3679 596 3739 ei
622 3679 706 3750 in,
736 3677 870 3738 dein
1135 3677 1180 3735 ii
1206 3677 1286 3748 in,
1312 3675 1487 3734 rediit
1739 3677 1800 3735 ui
1817 3673 1908 3748 in,
1935 3677 2073 3737 huic

538 3781 610 3835 eb
637 3777 720 3848 in,
748 3774 896 3834 adeo
1139 3773 1198 3831 io
1227 3772 1307 3845 in,
1337 3770 1525 3830 otiose
1744 3791 1823 3832 uo
1850 3774 1931 3845 in,
1960 3772 2210 3834 duobus.

538 3892 613 3932 eu
641 3873 722 3944 in,
754 3872 919 3931 Deus
1143 3869 1201 3928 iu
1225 3869 1306 3942 in,
1333 3868 1434 3928 diu

713 4017 1001 4097 Exempla
1025 4015 1362 4096 hujusmodi
1391 4022 1532 4076 sunt
1558 4031 1773 4092 magno
1800 4032 2079 4073 nume-ro:

465 4128 642 4190 mihi'
1101 4151 1237 4191 eum
1498 4148 1699 4189 eorum
1974 4126 2140 4185 fuere

464 4225 606 4285 nibil
1102 4246 1232 4286 cam
1504 4244 1705 4285 earum
1977 4223 2159 4283 fuisse
