3050 4942
539 349 665 414 110
964 366 1154 414 noca
1203 365 1613 415 martanam
1665 369 1756 418 m·
1804 371 2287 421 APOLLonom

1382 509 1520 570 Act.
1551 528 1606 572 v.
1655 512 1753 575 Sc.
1786 533 1880 574 ιν.
1959 529 1963 533 ’

538 631 553 658 ‘
590 623 1042 703 Sycophantas!
1104 621 1431 682 Menander
1461 623 1739 707 Γὲωργῷε

539 722 657 780 Καὶ
687 722 1027 800 συκοφάντης
1052 721 1211 779 εὐθὺς
1238 722 1267 779 ὁ
1300 722 1362 780 τὸ
1390 721 1686 798 τριβώνιον

524 818 726 897 ’Έχων
753 823 1029 889 καλεῖται,
1059 815 1166 876 κᾶν
1193 816 1553 897 ἀδικούμενος
1577 824 1740 901 τύχῃ.

538 915 650 973 Cui
678 914 858 975 vestis
888 913 1177 994 squalida,
1218 915 1587 994 sycophanta
1617 915 1827 975 dicitur

533 1010 767 1084 Statim,
794 1010 1060 1092 quamvis
1086 1011 1342 1091 patiatur
1366 1013 1491 1091 ipse
1522 1011 1835 1091 injuriam..

534 1116 551 1142 ‘
582 1109 678 1168 Sic
707 1117 800 1168 est
823 1108 959 1167 hie!
1027 1107 1394 1168 Menander:
1894 1107 1901 1116 '

535 1202 714 1265 Οὗτος
740 1206 899 1264 αὔτόε
926 1205 1099 1264 ἔστιν.

1291 1329 1602 1392 Ευιτυοιι.
1687 1332 1964 1413 Prologo.

532 1450 550 1478 ‘
579 1444 956 1522 Responsum
984 1460 1102 1501 non
1129 1441 1350 1501 dictum
1377 1461 1531 1514 esse,
1577 1444 1718 1521 quia
1743 1445 1903 1505 laesit
1928 1445 2130 1525 prius!
2197 1444 2312 1505 Hic
2342 1463 2545 1506 versus
2573 1464 2718 1505 con-

606 1540 763 1619 gruit
789 1540 1041 1612 senario,
1070 1558 1141 1598 ex
1172 1539 1482 1599 Menandri
1512 1539 1841 1620 Olynthia:

525 1638 618 1698 Ὠς
644 1641 765 1718 οὒχ’
789 1635 1076 1716 ὑπάρχων,
1102 1640 1261 1695 ἄλλα
1290 1643 1709 1715 τιμωρούμενος

525 1738 608 1795 Ut
632 1736 732 1815 qui
759 1753 877 1793 non
906 1732 1063 1812 prior
1089 1732 1380 1812 incipiam,
1412 1732 1519 1792 sed
1548 1751 1642 1793 me
1667 1715 1977 1795 vindicem.

1388 1861 1537 1925 Act.
1567 1883 1615 1922 1.
1659 1864 1756 1924 Sc.
1790 1885 1838 1924 1.

526 1985 543 2013 ‘
567 1977 690 2038 Sed
736 1978 864 2056 ipsa
905 1975 1239 2055 egreditur.'
1307 1974 1639 2035 Menander
1685 1976 1745 2035 in
1790 1975 2048 2059 Prologo
2097 1978 2363 2053 Fabulae,
2411 1977 2590 2038 Thais
2620 1980 2711 2040 in·

604 2073 858 2153 scriptae,
908 2070 1355 2151 elegantissimis
1379 2071 1574 2130 verbis
1604 2071 1730 2150 ejus
1757 2071 1885 2143 ἧθος
1919 2076 2231 2155 expressit,
2279 2094 2430 2156 quos
2473 2074 2712 2135 Plutar-

603 2172 750 2233 chus
777 2170 837 2230 in
869 2168 1303 2228 Commentario
1330 2168 1407 2227 de
1436 2166 1765 2229 Audiendis
1795 2169 1997 2234 Poetis
2025 2173 2200 2234 refert
2225 2173 2339 2234 hoc
2365 2172 2582 2233 modo:

522 2270 682 2350 Ἐμοὶ
705 2269 813 2346 μὲν
840 2264 939 2326 οὖν
964 2263 1119 2325 ἄειδε
1146 2266 1427 2338 τοιαύτην,
1456 2264 1600 2337 (dea,

517 2368 830 2442 Θρασεῑαν,
856 2369 1071 2441 ὥραῖαν
1097 2361 1180 2435 δὲ,
1209 2366 1301 2423 καὶ
1325 2366 1571 2435 πιθανὴν
1596 2365 1740 2443 ἅμα,

515 2462 877 2533 Ἀδικοῦσαν,
906 2463 1339 2533 ἀποκλείουσαν,
1380 2464 1654 2522 αἰτοῦσαν
1680 2469 1881 2537 πυκνὰ,

517 2559 784 2634 Μηδενὸε
809 2562 1047 2636 ἐρῶσαν,
1077 2564 1563 2638 προσποιουμένην
1591 2558 1636 2618 δ’
1660 2562 1755 2619 ἀεί
1767 2610 1774 2619 ,

518 2660 698 2721 Nunc
723 2658 886 2717 illam
915 2655 1091 2716 talem
1123 2674 1289 2726 cane,
1319 2653 1479 2734 quod
1508 2653 1568 2716 te
1600 2675 1861 2729 veneror,
1893 2657 2042 2729 Dea,

516 2758 815 2829 Ferocem,
850 2753 954 2814 sed
980 2752 1356 2833 pulchellam‚
1384 2763 1445 2812 et
1472 2752 1971 2833 illecebriloquam
1997 2774 2014 2821 ;

514 2854 920 2934 lnjustificam,
947 2850 1304 2920 clusiforem‚
1330 2850 1839 2927 poscinummiam,

515 2950 592 3010 Et
617 2949 1131 3017 neminamantem,
1158 2963 1388 3023 semper
1416 2945 1789 3006 simulantem
1818 2955 2035 3006 tamen.

1338 3082 1471 3143 Act.
1503 3104 1586 3144 11.
1629 3085 1727 3146 Sc.
1760 3105 1838 3144 11.

512 3211 528 3240 ‘
559 3206 619 3268 Is
647 3205 960 3284 quaestus!
1025 3202 1351 3262 Menander
1376 3223 1391 3262 :

503 3301 757 3378 Πράττει
785 3300 832 3360 δ’
860 3302 890 3358 ὁ
917 3303 1084 3373 κόλαξ
1112 3302 1322 3375 ἄριστα
1339 3301 1586 3360 πάντων.

457 3421 460 3424 ·
506 3401 661 3462 Cum
688 3399 992 3460 adulatore
1020 3397 1213 3477 agitur
1240 3416 1397 3458 nunc
1423 3398 1683 3481 omnium
1711 3397 1949 3477 optime.

504 3504 524 3533 ‘
557 3497 649 3556 Ne
678 3515 929 3573 sursum.
935 3497 950 3521 '
1030 3492 1360 3555 Menandro
1402 3503 1515 3568 est,
1562 3475 1894 3574 στρέφεσθαι
1937 3496 2054 3554 ἄνω
2096 3493 2261 3553 κάτω.
2349 3492 2448 3554 Sic
2494 3465 2650 3551 enim
2675 3508 2692 3551 ε

486 3594 704 3673 Ὤιμην
721 3597 843 3670 ἐγὼ
870 3616 993 3654 τους
1017 3596 1336 3663 πλουσίους,
1362 3615 1404 3648 ω
1379 3586 1634 3668 ’Φανίῳ

494 3690 606 3753 Οἷς
632 3696 710 3773 μὴ
735 3693 798 3752 τὸ
826 3689 1188 3754 δανείέεσθαι
1213 3689 1537 3768 πρόσεστιν,
1566 3690 1632 3748 οὔ
1662 3694 1883 3749 στένειν

500 3788 622 3849 Τὰς
647 3793 860 3860 νύκτας,
890 3784 1017 3847 οὐδὲ
1044 3788 1440 3866 στρεφομένους
1466 3786 1584 3843 ἄνω
1612 3789 1778 3856 κάτω,

502 3884 697 3965 Οἴμοι,
725 3888 940 3958 λέγειν.
1610 3901 1615 3905 “

500 3981 793 4041 Putabam
820 3998 953 4059 ego,
982 3979 1215 4053 divites,
1245 3999 1282 4039 o
1307 3979 1575 4040 Phania!
1788 4033 1791 4036 .

499 4077 729 4146 Quibus
755 4076 923 4135 nulla
939 4075 1159 4136 foenore
1185 4075 1511 4157 accipiendi
1539 4072 1862 4138 necessitas
1888 4072 2194 4147 incumbit,
2224 4071 2416 4153 neque
2448 4093 2681 4153 gemere

497 4172 717 4243 Noctu,
744 4190 935 4249 neque
966 4183 1199 4231 sursum
1231 4171 1505 4232 deorsum
1533 4169 1824 4232 versando
1853 4187 1983 4231 sese

499 4267 753 4345 Ejulare.
