3050 4942
495 375 625 442 2216
1165 385 1554 438 nroAnnus
1603 386 2032 437 sumemus
2109 381 2118 424 ῑ

498 533 753 605 Rursus,
782 532 833 592 si
858 531 932 592 ab
959 530 1075 593 hoc
1102 528 1396 611 Euripidis
1426 528 1681 604 senario,
1722 530 1824 610 qui
1844 529 2066 610 primus
2096 527 2357 590 omnium
2389 527 2451 589 in
2481 526 2702 587 Oresta

503 629 806 710 [Hecuba]
830 628 1013 701 venit,

904 727 1041 786 Hx&
1069 746 1278 803 νεκρυν
1301 724 1595 802 κευθμῶνα
1621 744 1715 781 και
1739 722 1938 783 σκοτοῦ
1964 725 2167 793 vulne,

502 856 716 937 pedem
746 853 1129 915 novissimum
1159 852 1427 921 auferas,
1478 851 1808 933 quinarium
1854 852 1980 933 jam
2025 852 2297 925 habebis,
2344 851 2710 932 perfectissi-

505 974 667 1013 mum
694 952 965 1013 hodierni
993 950 1180 1011 nostri
1208 948 1361 1030 epici
1386 948 1723 1030 exemplar:

1059 1082 1196 1142 Ηκώ
1224 1105 1431 1161 respuat
1463 1079 1476 1163 Ι
1512 1083 1801 1160 κευθμῶνα
1831 1101 1924 1138 και
1950 1077 2165 1138 σκοτοῦ.

646 1178 901 1258 Though
932 1178 1105 1260 deep,
1130 1188 1231 1259 yet
1251 1179 1432 1253 clear,
1467 1175 1483 1256 l
1514 1177 1744 1257 though
1775 1174 1995 1257 gentle,
2023 1185 2126 1256 yet
2147 1184 2255 1234 not
2281 1172 2426 1233 dull.

512 1326 582 1386 In
614 1325 867 1405 Anglico
898 1334 1094 1386 tamen
1125 1325 1241 1387 hoc
1269 1335 1442 1387 notes
1481 1326 1678 1400 velim,
1723 1335 1843 1386 tres
1889 1323 2148 1406 syllabas
2176 1321 2469 1403 positione
2499 1321 2717 1399 longas

511 1422 646 1481 loco
691 1421 954 1481 brevium
995 1421 1156 1502 poni.
1241 1421 1361 1483 Eas
1399 1432 1465 1484 tu
1513 1433 1746 1502 postea,
1798 1430 1859 1482 et
1902 1441 2080 1501 quam
2123 1419 2448 1479 Denhamo'
2485 1419 2724 1477 veniam

512 1516 818 1591 concedis,
843 1518 1120 1578 Terentio
1168 1538 1373 1600 neges.
1459 1518 1962 1581 Perfectissimum
2005 1526 2196 1577 autem
2246 1514 2547 1597 exemplar
2583 1514 2724 1573 ideo

516 1614 788 1695 appello:
831 1624 900 1675 ut
926 1616 1118 1695 poetis
1140 1615 1526 1689 nostratibus,
1555 1615 1778 1697 ingenii
1807 1635 1952 1676 sane
1981 1632 2266 1692 venaeque
2292 1611 2584 1684 felicibus,
2612 1609 2727 1670 sed

513 1710 859 1772 eruditionis
905 1712 1201 1773 interdum
1241 1714 1512 1787 modicis,
1558 1713 1701 1794 quid
1748 1711 2018 1773 hodierni
2066 1709 2239 1789 epici,
2295 1727 2414 1788 quo
2460 1707 2729 1767 numeris

518 1807 788 1869 omnibus
837 1809 1145 1871 absolutus
1192 1811 1318 1885 fiat,
1366 1811 1674 1892 rhythmus
1725 1810 2054 1891 geniusque
2104 1806 2214 1867 sibi
2263 1813 2495 1888 poscat,
2532 1805 2732 1864 obiter

522 1905 836 1966 ostendam
857 1923 887 1967 ι
917 1907 977 1966 in
1004 1907 1274 1968 versibus
1301 1928 1515 1990 nempe
1545 1907 1793 1989 singulis
1835 1915 1955 1966 tres
1988 1903 2248 1985 syllabas
2273 1903 2502 1962 breves,
2590 1900 2730 1961 Hoc

523 2019 667 2062 sane
695 2002 1101 2064 confitendum
1129 2014 1242 2077 est,
1271 2024 1514 2066 avorum
1536 2014 1823 2085 tempore,
1846 2003 2089 2063 scabros
2109 2018 2470 2081 asperosque
2498 2018 2733 2072 versus,

521 2117 742 2177 magno
767 2097 1083 2178 longarum
1106 2099 1371 2180 pondere
1418 2112 1691 2173 onustos,
1720 2099 2083 2180 plerumque·
2109 2098 2364 2159 exiisse:
2405 2095 2734 2157 hodiernos

527 2203 726 2254 autem
752 2196 961 2274 poetas
988 2195 1169 2275 longe
1213 2216 1317 2257 eos
1360 2200 1669 2259 teretiores
1713 2196 2182 2277 tornatioresque
2219 2196 2398 2262 dare;
2451 2192 2560 2253 sed
2590 2212 2738 2254 aure

525 2289 797 2350 fortassis
827 2290 1132 2369 magistra,
1176 2311 1298 2353 non
1339 2303 1503 2361 artez
1546 2313 1685 2373 quse
1725 2303 1924 2354 tamen
1972 2313 2069 2353 ars
2104 2291 2393 2373 principio
2427 2290 2738 2371 judicibus

529 2387 765 2446 auribus
816 2385 1164 2449 dedebatur.
1249 2389 1491 2450 Habent
1545 2389 1764 2470 itaque,
1807 2389 1969 2469 quod
2019 2390 2078 2448 in
2128 2389 2311 2469 longo
2365 2408 2511 2449 sane
2553 2408 2737 2470 opere

529 2479 748 2543 frustra
802 2484 1254 2563 expectandum,
1315 2485 1377 2545 in
1440 2485 1863 2566 epigrammate
1924 2484 2017 2544 vel
2088 2483 2342 2563 elegiola
2395 2482 2570 2543 facile
2626 2478 2737 2543 ob-

531 2578 861 2653 tinendum,
915 2599 1124 2643 versus
1179 2581 1330 2662 epici
1383 2580 1726 2663 exemplar:
1775 2600 1894 2660 quo
1937 2590 1998 2640 et
2045 2600 2326 2641 numerus
2368 2579 2637 2641 brevium
2678 2590 2742 2641 et

535 2677 711 2738 sedes
740 2676 1152 2739 ostenduntur.
1232 2678 1590 2759 Quanquam
1634 2679 1696 2739 in
1734 2677 1953 2737 nostris
1999 2687 2092 2738 est
2135 2687 2202 2739 et
2240 2677 2512 2740 varietati
2542 2678 2734 2752 locus,

536 2783 605 2835 ut
629 2776 690 2834 in
718 2774 812 2836 his
837 2794 853 2835 ε
2565 2775 2570 2780 ’

703 2904 957 2985 Though
986 2903 1159 2985 deep,
1189 2914 1291 2987 yet
1314 2905 1508 2974 clearz
1537 2904 1766 2985 though
1796 2904 2018 2986 gentle,
2045 2915 2147 2987 yet
2173 2914 2281 2967 not
2306 2904 2466 2974 dull;

701 3000 921 3081 Strong
945 3001 1196 3062 without
1221 3020 1388 3081 rage,
1412 3000 1660 3063 without
1685 3003 2041 3084 o’erflowing
2067 3002 2198 3063 full.

544 3137 708 3197 Ictus
735 3136 796 3196 in
824 3137 941 3198 hoc
965 3140 1312 3219 posteriore,
1339 3139 1442 3220 qui
1469 3141 1531 3199 in
1561 3140 1826 3201 secunda
1855 3140 2084 3222 syllaba
2109 3139 2234 3201 fieri
2263 3142 2435 3214 solet,
2464 3140 2525 3200 in
2554 3143 2744 3220 prima

544 3233 653 3302 fit;
695 3241 757 3294 et
780 3245 1028 3295 venuste
1070 3235 1350 3315 quidemz
1395 3237 1578 3298 modo
1622 3258 1753 3298 raro
1796 3240 1919 3311 fiat,
1960 3257 2030 3298 ac
2056 3238 2250 3298 brevis
2279 3248 2582 3317 sequatur.
2669 3239 2747 3298 Et

546 3329 748 3390 nescio
775 3329 1071 3410 equidem,
1100 3350 1175 3391 an
1201 3331 1262 3392 in
1288 3334 1566 3395 Terentio
1598 3352 1855 3414 quoque,
1896 3352 2030 3393 cum
2072 3334 2398 3401 trimetrum
2426 3333 2742 3414 aliquoties

547 3425 785 3486 inchoet
812 3429 910 3500 ab,
954 3427 1169 3502 hicine,
1207 3429 1441 3504 hocine,
1471 3429 1676 3506 sicine,
1704 3428 1906 3503 libera,
1935 3448 2054 3489 non
2081 3430 2140 3488 in
2169 3430 2412 3509 primam
2443 3429 2746 3490 retrahen-

552 3519 666 3582 dus
694 3523 773 3583 sit
799 3533 1105 3597 accentus,
1145 3523 1348 3600 libera,
1391 3531 1506 3587 διο.
1549 3527 1728 3587 etiam
1777 3526 1837 3585 in
1887 3527 2175 3595 iambico;
2220 3526 2297 3586 ob
2345 3527 2409 3587 τὸ
2447 3528 2748 3608 ἱσόχρονον

553 3619 781 3680 scilicet
807 3630 868 3680 et
894 3622 1267 3702 ἰσόρῤυθμονς
1288 3640 1424 3681 cum
1451 3622 1785 3703 rhythmus,
1815 3615 2239 3701 Hephaestione
2258 3633 2434 3696 teste,
2457 3624 2537 3684 sit
2562 3634 2749 3724 metro

550 3716 864 3795 potentior.
942 3717 1086 3803 Tale
1113 3717 1262 3779 illud
1288 3717 1508 3822 Plauti,
1538 3717 1802 3779 Rudent.
1833 3737 1911 3777 11.
1942 3720 1999 3780 6..
2032 3720 2131 3778 29.

877 3843 1194 3950 Piscibus
1178 3876 1239 3915 in
1270 3856 1391 3916 alto
1412 3855 1593 3917 credo
1620 3856 1887 3935 praebent
1911 3856 2233 3934 pabulum:

558 3985 681 4064 ubi,
708 3982 992 4065 piscibus,
1016 3983 1297 4046 libentius
1323 3984 1608 4078 efferrem,
1636 4003 1835 4064 quam,
1858 3983 2140 4065 piscibus.
