3050 4942
487 407 643 473 ,132
1252 416 1446 468 mvn
1494 417 1964 469 cAsTicA‘rm.

514 568 699 629 micos
728 587 757 628 s
784 566 1012 628 literam
1038 573 1462 625 consonantem
1489 562 1650 623 haud
1679 579 1852 623 secus
1881 561 2094 623 elidere
2125 561 2352 637 solitos,
2399 583 2470 625 ac
2522 563 2573 625 si
2598 584 2702 626 vo·
2808 609 2817 614 -

514 666 662 725 calis
691 674 870 736 esset,
910 662 1087 743 idque
1131 660 1645 740 frequentissime:
1687 659 1845 740 quod
1875 670 1934 721 et
1961 658 2217 719 Ennium
2244 660 2303 721 in
2331 661 2603 735 heroiciS,
2642 674 2706 723 et

513 760 944 822 vetustissimos
960 777 1230 839 quosque
1256 757 1448 818 facere
1476 757 1879 829 consuevisse,
1892 768 1960 817 nt
1975 766 2038 817 et
2052 755 2360 836 Virgilium
2386 758 2705 832 interdum,
2832 819 2838 824 .

515 859 678 919 docti
706 865 1098 924 annotarunt:
1139 854 1303 915 velut
1330 854 1388 914 in
1417 854 1667 926 Andria,
1701 861 1723 889 ⁶
1744 853 1939 914 Herus
1967 875 2059 915 me
2083 853 2302 915 relictis
2327 857 2505 917 rebus
2522 857 2710 936 jussit

514 954 889 1035 Pamphilum
908 952 944 1014 :⁹
976 952 1073 1013 hic
1103 953 1289 1033 prima
1314 951 1554 1032 regione
1584 951 1924 1034 anapaestus
1953 963 2065 1025 est,
2094 972 2125 1013 s
2150 952 2314 1013 eliso,
2401 953 2469 1011 In
2500 953 2705 1014 Eunu·-

511 1052 663 1112 cho:
706 1050 1065 1130 ‘Jugularas
1108 1049 1439 1110 hominem:
1483 1047 1629 1127 quid
1654 1046 1800 1107 ille?
1882 1050 2004 1109 ΤΗ.
2049 1049 2277 1110 Mutus·
2303 1048 2502 1110 illico!
2585 1050 2704 1111 Hic

513 1148 573 1206 in
599 1148 780 1207 verbo
820 1154 836 1181 ‘
859 1144 1205 1225 jugularas’
1253 1163 1281 1203 s
1322 1143 1597 1204 eliditur:
1643 1155 1712 1204 ut
1760 1144 1838 1205 sit
1881 1146 2145 1206 secundo
2180 1146 2315 1206 loco
2340 1160 2706 1227 anapaestus,

511 1245 684 1305 tertio
708 1243 959 1302 iambus.
1027 1241 1159 1301 Nisi
1185 1240 1320 1320 quis
1348 1240 1541 1300 dicere
1569 1241 1722 1300 ausit
1750 1261 2072 1321 pronomen
2100 1252 2120 1277 ‘
2143 1242 2283 1317 ille,'
2313 1238 2475 1304 velut
2502 1246 2704 1306 ablato

512 1342 700 1401 altero
726 1340 766 1412 l,
794 1338 1027 1418 corripi,
1055 1355 1215 1398 more
1243 1337 1686 1417 imitationeque
1716 1338 2080 1414 Graecorum,
2118 1340 2281 1420 quod
2307 1346 2400 1420 (ut
2427 1360 2538 1420 ego
2567 1362 2706 1402 sen-

509 1439 621 1515 tio)
660 1437 838 1519 paulo
880 1436 1058 1497 fuerit
1096 1436 1380 1496 coactiaS.
1462 1435 1746 1505 Quamvis
1797 1437 1955 1518 apud
2004 1437 2186 1498 hosce
2227 1439 2414 1498 fateor
2460 1440 2705 1499 alteram

511 1553 935 1613 nonnunquam
966 1533 1042 1594 de
1069 1533 1383 1613 geminatis
1403 1535 1871 1595 consonantibus
1899 1536 1959 1594 in
1983 1554 2154 1595 versu
2180 1534 2309 1594 tolli
2335 1538 2473 1596 κατὰ
2492 1542 2704 1612 παρέλ-

511 1635 727 1712 λειψιν,
771 1652 891 1712 quo
936 1629 1168 1711 syllaba
1212 1630 1410 1711 positu
1452 1631 1632 1711 longa
1660 1631 1872 1711 corripi
1899 1641 2098 1711 queat.
2183 1629 2263 1690 Et
2289 1631 2483 1691 solent
2510 1631 2706 1691 Latini

511 1734 571 1793 in
602 1729 804 1792 multis
827 1733 924 1808 (ut
945 1728 1260 1809 diligenter
1285 1727 1588 1789 annotavit
1619 1728 1983 1805 Priscianus)
2019 1728 2247 1788 initium
2278 1728 2518 1809 aliquod
2547 1730 2708 1791 acci-

509 1831 742 1911 pientes
770 1847 807 1887 a
833 1826 1085 1899 Graecia,
1135 1825 1213 1886 ab
1254 1837 1514 1906 angusto
1542 1826 1600 1884 in
1630 1825 1883 1886 effusum
1910 1825 2165 1886 licentiae
2195 1826 2446 1906 spatium
2473 1823 2587 1887 hoc
2616 1826 2708 1886 di-

508 1914 719 1987 latare.
756 1925 903 1987 'Sed
925 1926 1041 1986 hoc
1072 1945 1199 1985 suae
1227 1924 1513 2004 cujusque
1541 1924 1899 2004 conjecturae
1925 1921 2211 2003 relinquo.
2281 1924 2437 1983 Illud
2464 1924 2707 2004 quidem

512 2043 632 2084 non
664 2034 758 2084 est
795 2032 866 2083 ut
903 2023 1150 2083 inficiari
1191 2041 1422 2102 queam,
1470 2020 1658 2081 videri
1685 2021 1981 2081 interdurn
2009 2020 2029 2079 l
2057 2020 2199 2080 elidi
2228 2020 2388 2099 apud
2415 2021 2708 2081 comicum

512 2129 802 2192 nostrum,
843 2119 1079 2197 quoties
1124 2117 1299 2178 adest
1344 2136 1669 2197 pronomen
1710 2125 1726 2153 ‘
1750 2118 1848 2179 ille
1872 2118 1912 2178 :'
1949 2128 2018 2177 ut
2058 2117 2120 2175 in
2170 2115 2495 2177 Eunucho:
2540 2119 2711 2177 ‘Ma-

510 2214 775 2275 nendum
803 2223 899 2276 est
924 2215 1037 2273 soli
1064 2213 1191 2273 sine
1217 2212 1365 2272 illa?
1405 2212 1550 2292 quid
1580 2223 1706 2272 tum
1734 2222 1943 2293 postea
1964 2213 2010 2273 ’ξ’
2086 2216 2158 2273 In
2187 2211 2489 2274 Heauton.
2531 2221 2548 2249 ‘
2577 2213 2706 2273 Nec

506 2311 617 2372 <tibi
660 2310 762 2371 ille
806 2322 898 2370 est
939 2307 1179 2369 credere
1209 2327 1414 2379 ausus,
1456 2327 1598 2387 qnae
1621 2320 1716 2368 est
1741 2329 1976 2389 aequom
2002 2311 2196 2390 patri.’
2276 2311 2343 2369 In
2375 2310 2704 2389 Adelphis:

512 2417 529 2443 ‘
555 2407 716 2479 Quid
763 2408 818 2467 is
865 2406 1044 2467 fecit?
1129 2406 1250 2465 DE.
1293 2405 1586 2474 Quidille
1612 2406 1862 2467 fecerit?
1901 2425 2076 2487 quem
2108 2405 2297 2488 neque
2324 2407 2551 2487 pudet.'
2634 2409 2705 2467 In

513 2507 792 2586 Hecyra:
836 2513 852 2541 ‘
880 2505 1015 2564 Non
1045 2503 1152 2564 tibi
1178 2503 1326 2563 illud
1357 2504 1579 2564 factum
1607 2504 1802 2564 minus
1828 2504 2028 2585 placet
2068 2524 2245 2584 quam
2276 2504 2438 2575 mihi,
2471 2504 2710 2565 Lache!

513 2604 579 2664 In
611 2602 1007 2662 Phormione:
1051 2601 1200 2662 ‘Ille
1244 2601 1346 2681 qui
1389 2601 1554 2662 illam
1603 2601 1842 2674 amabat
1887 2600 2207 2674 fidicinam,
2256 2600 2709 2674 tantummodo‚’

507 2705 623 2762 8:0-
689 2701 844 2760 Sunt
869 2699 930 2759 id
961 2718 1149 2780 genus
1180 2709 1461 2759 sexcenta
1488 2698 1649 2780 apud
1676 2698 2034 2762 Terentium.
2106 2698 2315 2759 Fuisse
2341 2710 2538 2759 autem
2568 2717 2705 2758 cum

509 2796 644 2858 nou·
676 2798 1070 2878 geminaretur
1116 2797 1140 2856 l
1182 2796 1246 2855 in
1289 2796 1405 2855 hoc
1448 2796 1814 2875 pronomine,
1861 2795 2065 2856 videor
2111 2813 2184 2855 ex
2233 2796 2371 2856 Sex.
2419 2795 2706 2875 Pompeio

510 2893 976 2973 deprehendisse
1001 2894 1152 2954 libro
1183 2914 1230 2953 1.
1273 2892 1671 2970 Παρολλεέψει
1698 2893 1992 2954 contraria
2014 2893 2211 2972 figura
2239 2902 2333 2953 est
2361 2893 2705 2953 διπλασιασ-

506 2993 629 3071 μὸς,
672 3009 793 3068 qua
833 2990 970 3068 ipsa
1012 2989 1347 3069 frequenter
1389 2989 1580 3049 Poeta
1622 2990 1808 3050 utitur
1834 2990 1911 3049 ad
1940 2988 2382 3069 producendam
2413 2990 2704 3071 syllabam

508 3085 728 3164 alioqui
755 3086 991 3146 brevem
1016 3105 1031 3146 :
1073 3095 1141 3144 nt
1167 3085 1230 3143 in
1256 3083 1548 3164 Adelphis
1576 3089 1593 3119 ‘
1612 3084 1953 3165 relliquum'
1980 3103 2110 3167 pro,
2138 3085 2447 3165 reliquum,
2474 3096 2540 3145 et
2566 3084 2704 3144 alibi

508 3188 525 3214 ‘
551 3181 789 3254 rettuli,'
828 3187 846 3215 ⁸
868 3181 1136 3260 repperi,'
1165 3193 1346 3261 atque
1373 3181 1436 3241 id
1463 3202 1653 3262 genus
1680 3182 1816 3243 alia.
1899 3183 2019 3243 Sed
2050 3199 2393 3262 pergamus.
2476 3182 2529 3238 V
2554 3199 2704 3261 quo-

501 3296 624 3356 que
672 3287 1101 3338 consonantem
1145 3278 1369 3338 Comici
1416 3278 1662 3357 perinde
1705 3298 1779 3339 ac
1824 3280 2091 3340 vocalem
2129 3278 2192 3337 in
2220 3278 2416 3338 media
2441 3277 2702 3339 dictione

506 3374 777 3435 elidunt:
820 3374 983 3455 quod
1004 3373 1166 3454 apud
1192 3373 1530 3435 Terentium
1550 3377 1617 3435 in
1645 3376 1999 3437 dictionibus
2039 3383 2056 3409 ‘
2078 3371 2335 3435 invidia'
2374 3387 2436 3435 et
2477 3382 2497 3411 ⁶
2517 3375 2702 3435 enim-

505 3472 682 3532 vero'
717 3468 844 3531 fieri
889 3472 1156 3533 videmus
1182 3492 1202 3533 τ
1241 3472 1401 3552 apud
1442 3491 1620 3553 quem
1666 3473 1923 3553 ipsum*
1946 3473 2157 3553 cujus?
2193 3472 2450 3553 ‘hujus,'
2493 3478 2510 3506 ‘
2534 3471 2703 3551 ejus,'

505 3567 846 3649 similesque
871 3569 1184 3650 particulae
1210 3569 1638 3650 monosyllabae
1666 3572 1791 3632 sere
1818 3579 1993 3631 sunt:
2022 3570 2183 3651 quod
2211 3572 2295 3631 ita
2323 3570 2562 3630 demum
2585 3571 2702 3629 fre·

503 3683 696 3746 quens
743 3677 857 3739 est,
899 3678 967 3728 ut
993 3685 1113 3728 non
1140 3677 1342 3748 putem
1373 3667 1449 3728 de
1477 3688 1553 3729 eo
1579 3665 1942 3748 subjicienda
1969 3668 2257 3747 exempla.
2343 3666 2500 3726 Illud
2548 3685 2701 3744 prae-

505 3774 667 3824 terea
694 3783 1099 3844 saepenumero
1125 3783 1240 3825 usu
1264 3764 1444 3839 venit,
1484 3775 1555 3825 ut
1589 3765 1778 3845 prima
1813 3779 2019 3823 versus
2050 3762 2370 3841 sequentis,
2399 3763 2503 3841 qui
2531 3782 2567 3821 a
2601 3781 2699 3822 vo*-

505 3858 620 3918 cali
647 3859 913 3939 incipiat,
960 3862 1035 3921 ab
1064 3859 1274 3921 ultima
1299 3861 1612 3941 superioris
1640 3861 2060 3927 absorbeatur:
2103 3858 2266 3918 velut
2293 3857 2352 3917 in
2379 3852 2525 3918 illo:
2566 3865 2584 3894 ⁶
2611 3859 2699 3917 Ex

507 3955 740 4015 Graecis
764 3957 937 4016 bonis
968 3956 1208 4018 Latinas
1253 3958 1394 4018 fecit
1436 3976 1559 4017 non
1605 3956 1797 4016 bonas
1818 3957 1857 4016 :⁹
1893 3955 1993 4015 ubi
2035 3963 2051 3990 ‘
2072 3950 2200 4015 Ex'
2236 3955 2588 4015 absorbetur
2624 3956 2696 4015 ab

504 4050 756 4110 adverso
797 4058 814 4085 ‘
837 4052 1033 4126 male,'
1073 4056 1200 4133 quo'
1222 4074 1426 4114 versus
1449 4052 1796 4134 praecedens
1825 4052 2140 4112 clauditur.
2226 4052 2304 4110 Et
2337 4053 2401 4110 in
2439 4050 2696 4131 Prologo

508 4148 799 4227 Hecyrae:
842 4154 859 4181 ⁶
886 4147 1016 4227 Ego
1042 4149 1268 4209 interea
1292 4167 1486 4209 meum
1513 4168 1634 4208 notu
1661 4149 1827 4227 potui
1854 4148 2030 4208 tutari
2059 4148 2298 4208 locum!
2382 4141 2548 4207 Prior
2578 4146 2695 4234 syl·

506 4242 645 4302 laba
688 4243 750 4301 in
787 4246 1133 4324 pronomine
1174 4254 1189 4281 ‘
1215 4245 1345 4325 Ego
1368 4245 1385 4271 '
1425 4246 1683 4323 pertinet
1710 4245 1787 4304 ad
1815 4263 2048 4305 versum
2079 4244 2454 4323 superiorem.
2537 4245 2697 4304 Con·
