3050 4942
546 405 678 472 252
1221 423 1608 475 musanus
1656 424 2079 477 nunninus

548 565 804 645 ideoque
833 564 891 626 in
923 563 1264 646 dissyllabis
1288 568 1487 647 prior!
1544 567 1903 642 Priscianus,
1931 591 1992 650 p.
2028 571 2203 629 1287.
2233 575 2250 604 ‘
2270 570 2500 632 Acutus
2529 569 2742 633 accers-

547 672 645 722 tus
675 663 834 743 apud
864 663 1104 724 Latinos
1131 664 1251 725 duo
1279 666 1414 725 loca
1439 665 1640 740 habet,
1668 668 2054 747 penultimum
2083 678 2145 727 et
2174 668 2740 748 antepenultimum:

547 761 709 841 apud
739 761 985 822 Graecos
1014 771 1211 822 autem
1241 773 1303 823 et
1330 763 1637 824 ultimum.’
1711 765 1797 824 'Et
1822 765 2001 846 paulo
2029 775 2202 846 post:
2248 773 2266 801 ‘
2287 766 2467 848 Apud
2498 766 2741 827 Latinos

542 858 600 915 in
629 858 838 917 ultima
867 858 1114 939 syllaba,
1143 860 1258 920 nisi
1288 860 1663 921 discretionis
1692 881 1894 936 causa,
1920 862 2062 943 poni
2090 884 2209 923 non
2241 863 2394 923 solet
2417 860 2744 924 accentus!

544 953 842 1028 DonatuS,
872 975 932 1035 p.
965 958 1142 1017 1740.
1186 961 1203 991 ‘
1225 956 1428 1016 Tonus
1460 967 1692 1037 acutus,
1729 978 1864 1018 cum
1895 959 1955 1017 in
1987 958 2214 1019 Graecis
2244 958 2598 1019 dictionibus
2626 958 2741 1018 tria

539 1051 672 1110 loca
699 1062 919 1126 teneat,
951 1053 1244 1128 ultimum,
1271 1053 1684 1134 penultimum,
1713 1065 1773 1115 et
1792 1056 2353 1134 antepenultimum3
2384 1064 2549 1116 tenet
2574 1054 2757 1135 apud'

474 1219 481 1228 ι
539 1146 780 1209 Latinos
798 1149 1187 1230 penultimum
1208 1160 1268 1211 et
1285 1149 1809 1231 antepenultimam
1822 1172 1839 1221 ;
1867 1151 2135 1212 ultimum
2160 1153 2503 1232 nunquam!
2542 1151 2739 1212 Max'i-

537 1259 669 1304 mus
699 1245 1057 1321 Victorinus,
1086 1268 1148 1328 p.
1177 1241 1356 1307 194'2.
1400 1256 1419 1283 ‘
1437 1250 1690 1322 AcutuS,
1721 1268 1853 1309 cum
1884 1249 2045 1328 apud
2074 1248 2319 1309 Graecos
2346 1248 2459 1308 tria
2485 1248 2620 1310 loca
2647 1259 2736 1309 te-

536 1351 697 1414 neat,
746 1343 904 1422 apud
951 1364 1062 1404 nos
1090 1344 1324 1405 duobus
1354 1356 1583 1407 tantum
1612 1347 1753 1426 poni
1782 1356 2014 1426 potest3
2059 1356 2162 1405 aut
2186 1348 2246 1406 in
2274 1344 2621 1426 penultima,
2647 1356 2734 1419 ut,

534 1437 922 1518 proelegistis3
968 1451 1072 1500 aut
1097 1460 1170 1502 ea
1196 1462 1332 1521 quoe
1363 1462 1397 1501 a
1427 1443 1544 1502 fine
1572 1452 1665 1502 est
1692 1443 1884 1515 tertia,
1914 1451 2002 1516 ut,
2027 1440 2445 1523 praelegimus!
2527 1441 2734 1523 Olym-

530 1534 812 1612 piodorus
840 1537 901 1596 in
929 1536 1266 1599 Aristotelis
1299 1539 1589 1612 Memora,
1615 1558 1676 1619 p.
1708 1540 1813 1606 27.
1836 1539 1985 1598 Τότε
2010 1540 2119 1619 μὲν
2138 1538 2364 1616 Γραικοὶ
2392 1540 2734 1614 ἐκλήθησαν,

532 1638 634 1690 νῦν
661 1631 724 1692 δὲ
739 1635 1039 1708 ’Έλληνεεκ
1069 1643 1230 1695 τοῦτο
1256 1634 1321 1695 δὲ
1347 1636 1408 1696 τὸ
1437 1635 1619 1715 ὄνομα
1645 1635 1699 1694 οἱ
1726 1636 1837 1715 μὲν
1859 1635 2130 1714 Ῥωμαῖοι
2151 1635 2541 1714 wapogr'movm,
2554 1633 2608 1695 Γ
2604 1644 2731 1713 paff-

530 1752 614 1800 κοι
640 1733 926 1806 λέγοντες.
953 1736 988 1804 ἡ
1016 1730 1079 1791 δὲ
1105 1738 1258 1807 κοινὴ
1287 1732 1575 1794 διάλεκτος
1602 1732 1802 1805 ὀξύνει.
1862 1733 2134 1792 Καθόλου
2152 1731 2215 1792 δὲ
2245 1734 2298 1792 οἱ
2322 1731 2591 1812 Ῥωμαῖοι
2610 1740 2731 1791 πᾶν

527 1826 706 1904 ὄνομα
751 1835 1113 1907 παροξύνουσι
1159 1829 1254 1889 διὰ
1294 1831 1393 1891 τὸν
1442 1832 1673 1905 κόμπον·
1719 1828 1853 1889 ὅθεν
1876 1829 2376 1907 ’Υπερηνορέοντες
2405 1830 2729 1901 ἐκλήθησαν

524 1924 635 1984 ὑπὸ
661 1936 774 1985 τῶν
797 1939 1063 1999 ποιητῶν.
1147 1927 1279 1988 Hoc
1307 1937 1437 1988 est:
1476 1927 1594 1995 Qui
1622 1925 1759 1987 olim
1786 1925 2013 2003 Γραικοὶ
2041 1925 2205 2000 dicti,
2233 1946 2390 1987 nunc
2422 1925 2728 2006 appellan-

527 2028 622 2080 tur
649 2023 948 2097 Ἕλληνες.
1031 2024 1200 2085 Illius
1230 2034 1428 2085 autem
1457 2024 1617 2085 verbi
1644 2024 2032 2104 penultimam
2060 2023 2313 2084 Romani
2342 2031 2587 2096 acuunt,
2635 2021 2727 2082 di-

522 2129 725 2180 centes
773 2120 1035 2197 Γραῒκοι;
1080 2121 1187 2182 sed
1229 2121 1559 2182 communis
1591 2136 1784 2182 sermo
1813 2120 1973 2181 acuit
2000 2120 2287 2194 ultimam,
2314 2119 2563 2200 Γραικοί.
2625 2116 2725 2177 «Εἰ

521 2215 839 2277 universim
870 2213 1126 2277 Romani
1154 2217 1214 2277 in
1243 2237 1620 2298 quacumque
1647 2238 1794 2278 voce
1824 2217 2205 2298 penultimam
2234 2216 2329 2280 vel
2373 2215 2724 2295 antepenul-

521 2310 724 2373 timam
752 2324 992 2388 acuunt,
1021 2324 1257 2395 propter
1281 2315 1502 2376 fastum
1532 2325 1592 2375 et
1618 2314 2191 2397 grandiloquentiam
2220 2333 2237 2379 ι
2278 2313 2437 2394 unde
2466 2332 2503 2372 a
2527 2315 2721 2392 po‘eitis

521 2407 800 2471 dicuntur
839 2411 1359 2491 ’Υπερηνορέοντεε,
1400 2412 1630 2476 feroces
1682 2421 1743 2475 et
1785 2410 2406 2491 superbi.—Ceterum
2432 2410 2598 2490 quod
2626 2411 2723 2475 hic

518 2506 696 2567 fastui
723 2509 944 2583 tribuit,
972 2508 1034 2568 id
1059 2508 1314 2570 dialecto
1332 2508 1597 2582 AEolicae,
1619 2508 1780 2569 unde
1809 2508 2016 2588 lingua
2041 2506 2253 2566 Latina
2278 2516 2503 2586 partem
2534 2508 2721 2586 maxi-

517 2620 672 2663 mam
704 2604 997 2684 profluxit,
1043 2605 1260 2666 rectius
1304 2604 1643 2685 imputatur.
1728 2602 2039 2665 AEolenses
2068 2602 2247 2676 enim,
2272 2611 2341 2663 ut
2367 2611 2576 2662 notum
2606 2613 2717 2679 est,

518 2700 829 2776 Βαρύτονοι
878 2711 1084 2772 etant3
1146 2712 1207 2763 et
1254 2700 1420 2774 Θὲοε,
1453 2701 1649 2779 Ἀνηρ
1699 2699 2180 2782 pronuntiabant,
2221 2716 2357 2761 cum
2406 2696 2505 2759 alii
2554 2698 2719 2773 Θεὸς,

519 2792 723 2873 Ἀνήρ.

595 2891 730 2952 Jam
758 2912 896 2954 vero
922 2893 984 2954 id
1014 2892 1238 2954 Latinis
1267 2891 1534 2965 comicia,
1570 2890 1674 2972 qui
1723 2890 1984 2951 Fabulas
2030 2908 2169 2951 suas
2212 2888 2436 2970 populo
2478 2889 2715 2970 placere

513 2998 817 3065 cuperent,
855 3009 1215 3071 magnopere
1261 2989 1593 3050 cavendum
1640 2998 1789 3062 erat,
1830 3008 1907 3049 ne
1950 2996 2157 3046 contra
2202 2985 2424 3065 linguae
2470 2988 2714 3066 genium

511 3082 666 3143 ictus
713 3103 818 3144 seu
858 3097 1138 3146 accentus
1166 3086 1227 3145 in
1253 3104 1491 3165 quoque
1518 3104 1690 3146 versu
1720 3085 1979 3165 syllabas
2007 3084 2314 3144 verborum
2341 3084 2584 3144 ultimas
2612 3103 2713 3145 oc-

512 3189 819 3260 cuparent.
903 3180 974 3241 Id
1017 3181 1078 3240 in
1128 3180 1288 3241 omni
1328 3193 1535 3256 metro,
1579 3181 1780 3261 quoad
1829 3180 2014 3255 licuit,
2055 3180 2511 3250 observabatum
2556 3179 2711 3241 utin

516 3274 608 3334 his
634 3294 650 3336 ε

747 3373 944 3433 ‘Arma
967 3374 1274 3455 virumque
1302 3372 1474 3447 cano,
1504 3372 1697 3454 Trojee
1728 3373 1828 3452 qui
1853 3370 2077 3451 primus
2106 3373 2182 3432 ab
2214 3370 2332 3432 oris
2373 3407 2379 3413 ·

752 3467 985 3529 Italiam
1013 3468 1138 3531 fato
1166 3468 1453 3550 profugus
1484 3470 1821 3548 Lavinaque
1849 3466 2015 3528 venit

642 3626 646 3630 .
748 3564 1005 3636 Littora3
1043 3566 1292 3632 multum
1320 3564 1419 3629 ille
1446 3576 1508 3625 et
1537 3564 1702 3626 terris
1722 3562 1986 3645 jactatus
2010 3572 2071 3624 et
2099 3560 2221 3624 alto

743 3662 818 3728 Vi
844 3664 1143 3745 superum,
1173 3661 1366 3726 saevae
1396 3661 1711 3725 memorem
1739 3659 1992 3722 Jdn6nis
2024 3661 2098 3720 ob
2127 3658 2292 3724 iram.

506 3801 622 3871 Qui
651 3800 835 3881 perite
863 3811 925 3862 et
951 3799 1255 3862 modulate
1280 3799 1389 3861 hos
1414 3817 1621 3859 versus
1648 3798 1830 3877 leget,
1861 3796 1947 3857 sic
1975 3816 2100 3870 eoS,
2136 3806 2206 3857 ut
2229 3796 2327 3856 hic
2355 3798 2701 3870 accentibus

502 3907 800 3973 notantur,
840 3897 1284 3977 pronuntiabit;
1329 3915 1470 3969 non,
1514 3905 1583 3960 ut
1622 3896 1788 3976 pueri
1827 3894 1888 3953 in
1933 3892 2171 3967 scholis,
2215 3892 2292 3952 ad
2332 3892 2698 3974 singulorum

501 3994 722 4072 pedum
748 3994 935 4069 initia,
1000 4044 1004 4048 <

737 4109 987 4183 ‘Italiam
1014 4122 1138 4185 fato
1164 4122 1450 4203 profugus
1479 4118 1819 4198 Lavinaque
1847 4117 2027 4189 venit,

499 4233 605 4300 sed
630 4234 709 4297 ad
739 4207 1071 4315 rhythmum
1099 4238 1282 4322 totius
1309 4226 1553 4301 versus.
1622 4233 1735 4296 Ubi
1765 4230 1929 4296 nulla
1955 4249 2092 4305 vox,
2138 4235 2205 4289 ut
2246 4229 2433 4307 vides,
2481 4250 2696 4304 accen-¹
