3050 4942
529 322 660 388 232
1265 339 1731 390 FRAnorscus
1779 342 1989 390 HARE

533 483 762 540 Seneca
809 479 960 541 male
1002 480 1304 560 judicatur
1350 482 1425 543 de
1466 483 1584 543 illis
1612 483 1713 564 qui
1740 483 2017 546 Terentio
2043 492 2212 545 erant
2237 482 2330 544 vel
2359 483 2724 563 antiquiores

531 578 625 637 vel
654 585 830 637 aetate
858 597 1050 658 pares,
1079 598 1213 638 cum
1237 580 1395 662 apud
1425 600 1528 640 eos
1558 581 1736 641 etiam
1761 581 1986 642 numeri
2010 582 2198 641 multo
2226 582 2345 642 sint
2372 581 2723 659 impuriores

533 695 712 754 quam
760 675 917 755 apud
967 676 1228 757 tragicos
1276 680 1653 740 recentiorem
1734 678 1913 750 Quod
1960 680 2010 740 si
2056 680 2169 759 ipsi
2222 680 2399 740 etiam
2444 679 2723 739 Terentio

532 774 711 851 longe
753 773 1036 834 castiores
1083 773 1320 850 fuerint,
1369 787 1431 837 et
1470 778 1702 855 parcius
1747 777 1934 837 multo
1978 777 2232 838 licentiis
2279 787 2603 850 uterentur,
2658 777 2726 837 id

534 870 782 931 diversis
807 871 1104 931 scribendi
1132 873 1443 951 generibus
1471 874 1885 952 imputandum
1910 884 2020 936 est.
2105 874 2259 934 Cum
2298 872 2627 947 Comoedia,
2655 883 2728 933 ut

528 968 796 1048 pluribus
825 969 964 1044 dixi,
990 970 1292 1050 vulgarem
1333 980 1395 1032 et
1441 971 1727 1053 loquendi
1767 983 1830 1033 et
1875 971 2296 1053 pronuntiandi
2339 970 2730 1032 consuetudi-

534 1085 668 1126 nem
696 1066 989 1137 imitetur;
1038 1068 1352 1149 Tragoedia
1391 1091 1553 1146 vero,
1600 1082 1670 1130 ut
1708 1070 1768 1130 in
1812 1072 2172 1151 argumentis
2198 1071 2376 1149 longe
2397 1069 2723 1148 majoribus

531 1172 815 1235 versatur,
845 1165 929 1225 ita
965 1164 1221 1226 dictione
1270 1185 1507 1246 quoque
1559 1186 1687 1241 sua,
1737 1177 1798 1227 et
1840 1166 2156 1247 eloquendi
2203 1167 2430 1227 ratione
2471 1186 2510 1225 a
2548 1166 2726 1244 plebe

531 1262 874 1340 longissime
927 1262 1172 1324 recedit.
1252 1264 1566 1345 Tragoedia
1619 1265 1777 1325 enim
1825 1274 1918 1325 est
1962 1267 2175 1344 poelma
2219 1264 2437 1335 nobile,
2481 1264 2724 1336 elatum,

535 1357 748 1437 grandi
777 1358 1057 1438 lentoque
1083 1380 1268 1442 passu
1304 1361 1548 1435 incedit,
1598 1372 1757 1424 amat
1784 1361 1959 1434 lecta,
1987 1361 2250 1442 pulchra,
2279 1380 2495 1421 sonora
2524 1363 2725 1433 verba,

534 1475 646 1516 nec
675 1456 993 1535 quicquam
1021 1477 1220 1518 eorum
1251 1479 1386 1538 quae
1408 1459 1648 1540 profert,
1679 1467 1782 1519 aut
1806 1459 2156 1539 praecipitari
2174 1458 2333 1531 velit,
2349 1468 2453 1517 aut
2472 1460 2727 1519 obscure

532 1553 738 1631 premi.
824 1552 982 1613 Hinc
1009 1555 1324 1635 Tragoedia
1349 1556 1408 1615 in
1438 1554 1695 1616 numeris
1725 1555 1901 1615 etiam
1930 1564 2159 1615 tantum
2199 1574 2237 1614 a
2267 1555 2575 1615 Comoedia
2601 1554 2726 1614 dis-

534 1658 640 1720 tat,
669 1661 731 1711 et
756 1648 1012 1711 licentiae
1040 1651 1100 1711 in
1125 1651 1278 1713 hanc
1305 1653 1777 1733 frequentissime
1804 1662 2080 1733 receptae,
2127 1673 2263 1732 quae
2304 1651 2362 1711 in
2402 1653 2593 1712 altera
2620 1671 2725 1711 ne·

534 1765 830 1824 quaquam
861 1758 1063 1808 essent
1088 1749 1370 1810 ferendae.

616 1843 710 1902 De
739 1845 1113 1906 Comicorum
1142 1847 1296 1906 enim
1323 1847 1576 1908 licentiis
1620 1848 1682 1906 in
1731 1866 1969 1927 genere,
2007 1846 2140 1925 jure
2187 1845 2377 1913 dicas,
2419 1843 2585 1924 quod
2611 1845 2726 1905 Te-

534 1939 839 2000 rentianus
890 1941 1347 2021 elegantissimis
1381 1944 1645 2002 versibus
1695 1942 1841 2002 dixit
1886 1941 1961 2002 de
2009 1942 2294 2021 singulari
2337 1942 2461 2013 illa,
2503 1961 2626 2021 qua
2663 1942 2727 2000 in

537 2037 801 2097 iambicis
830 2039 1180 2118 spondaeum
1205 2041 1302 2101 vel
1327 2039 1630 2121 dactylum
1668 2039 1727 2100 in
1777 2039 2041 2102 secundo
2080 2040 2176 2100 vel
2215 2051 2426 2118 quarto
2454 2039 2591 2101 loco
2617 2058 2727 2120 po-

533 2144 798 2195 suerunt.

858 2278 979 2338 Sed
1007 2280 1107 2358 qui
1136 2281 1437 2360 pedestres
1464 2280 1697 2342 fabulas
1726 2300 1903 2342 socco
1930 2291 2223 2361 premunt,

859 2374 943 2433 Ut
968 2394 1103 2454 quae
1132 2375 1453 2455 loquuntur
1481 2385 1676 2436 sumta
1702 2375 1777 2436 de
1803 2377 1923 2436 vita
1948 2385 2143 2457 putes,

858 2471 1087 2544 Vitiant
1114 2472 1374 2534 iambum
1401 2475 1685 2534 tractibus
1715 2473 2075 2552 spondaiciS‚

854 2568 931 2627 Et
956 2568 1018 2628 in
1047 2570 1311 2630 secundo
1336 2581 1397 2630 et
1423 2570 1636 2631 ceteris
1665 2590 1836 2648 aeque
1863 2568 2031 2629 locis·

855 2664 904 2724 F
908 2666 1179 2746 idemque
1199 2668 1351 2727 fictis
1379 2666 1521 2726 dum
1548 2675 1867 2747 procurant
1889 2664 2125 2738 fabulis,

856 2766 926 2825 In
956 2773 1144 2824 metra
1169 2774 1420 2844 peccant
1446 2775 1592 2835 arte,
1621 2782 1741 2823 non
1770 2762 2021 2835 inscitia,

859 2861 953 2920 Ne
982 2862 1102 2920 sint
1126 2880 1341 2921 sonora
1365 2861 1545 2920 verba
1572 2857 2042 2930 consuetudinis,
2068 2861 2181 2918 ὅτε.

539 3006 722 3066 lambi
741 3006 981 3086 quidem
1010 3006 1185 3067 sedes
1215 3006 1412 3067 Graeci
1432 3026 1669 3088 quoque
1698 3006 1924 3066 Comici
1942 3006 2224 3066 vitiarunt
2241 3006 2528 3067 tractibus
2550 3024 2727 3087 spon-

542 3103 761 3170 daicis;
808 3113 869 3163 et
915 3104 978 3163 id
1021 3105 1253 3182 insigne
1300 3115 1394 3164 est
1437 3105 1754 3164 discrimen
1795 3104 1949 3163 inter
1974 3122 2079 3165 eos
2106 3114 2167 3164 et
2191 3103 2522 3182 Tragoediae
2547 3102 2731 3181 scrip-

538 3212 736 3258 tores:
781 3200 886 3260 sed
913 3199 1028 3260 hoc
1058 3201 1254 3261 Graeci
1282 3221 1434 3262 raro.
1520 3202 1713 3261 Latini
1739 3219 1900 3271 vero,
1926 3209 1994 3260 ut
2020 3200 2310 3262 Prisciani
2344 3199 2541 3260 verbis
2575 3209 2729 3270 utar,

541 3295 634 3353 ‘in
667 3295 865 3356 multis
893 3295 1127 3357 initium
1155 3298 1398 3378 aliquod
1423 3297 1788 3378 accipientes
1810 3316 1847 3357 a
1874 3295 2125 3369 Graecis,
2155 3293 2350 3355 solent
2368 3299 2443 3355 ab
2472 3303 2732 3374 angusto

542 3394 602 3452 in
631 3392 885 3454 effusum
919 3393 1176 3454 licentiae
1223 3395 1476 3476 spatium
1511 3394 1628 3455 h'oc
1665 3393 1913 3453 dilatare
1937 3392 1976 3454 ε’
2013 3391 2196 3472 quod,
2232 3402 2300 3451 ut
2340 3391 2483 3464 dixi,
2508 3391 2731 3470 linguae

538 3490 852 3568 plurimum
896 3491 1040 3552 vitio
1094 3491 1442 3552 vertendum
1483 3501 1596 3552 est.
1680 3491 1884 3550 Latine
1933 3487 2150 3569 quippe
2196 3488 2520 3548 scribentes
2562 3485 2731 3547 salvo

538 3588 667 3667 puri
697 3588 981 3648 sermonis
1009 3588 1198 3650 nitore
1223 3588 1385 3668 haud
1429 3589 1663 3648 efficere
1703 3595 1969 3666 potuere,
2010 3593 2099 3658 ut,
2148 3585 2210 3644 in
2235 3584 2374 3645 vitae
2401 3584 2734 3645 communis

540 3686 717 3745 rebus
744 3678 1159 3766 exprimendiS,
1188 3686 1447 3746 numeris
1474 3684 1898 3746 astrictioribus
1922 3691 2249 3742 uterentur.

626 3782 804 3849 Quod
834 3782 912 3842 ad
939 3802 1041 3844 eas
1063 3793 1260 3844 autem
1287 3781 1560 3843 licentias
1590 3799 1739 3861 quas
1768 3778 2042 3839 adhibuit
2067 3777 2396 3849 Terentius,
2425 3796 2502 3836 ne
2527 3775 2734 3836 lectori

544 3878 738 3938 minus
766 3880 1084 3940 exercitato
1128 3881 1223 3941 vel
1258 3880 1559 3941 minimam
1585 3874 2071 3938 offensiunculam
2098 3872 2439 3954 objicerent,
2465 3873 2734 3933 ubicum-

545 3994 659 4052 que
706 3975 769 4033 in
815 3977 1111 4054 prosodiae
1155 3979 1393 4057 regulas
1434 3986 1735 4057 peccatur,
1784 3974 1957 4052 signo
2000 3972 2202 4051 aliquo
2255 3988 2534 4049 quaenam
2576 3977 2737 4028 esset

544 4069 798 4144 licentia,
826 4073 1083 4134 indicavi
1107 4093 1123 4133 t
1167 4073 1411 4153 syllabis
1458 4081 1673 4151 praeter
1700 4087 1923 4129 morem
1950 4067 2236 4147 correptis
2264 4075 2576 4126 accentum
2604 4067 2733 4124 bre·

547 4183 697 4238 vem,
751 4169 1054 4246 productis
1098 4170 1343 4250 longum
1387 4169 1673 4250 apposui3
1732 4184 1932 4227 eorum
1971 4163 2144 4224 etiam
2190 4163 2438 4225 alterum
2495 4160 2730 4243 appinxi
