<?xml version="1.0" encoding="UTF-8"?>
<!DOCTYPE html PUBLIC "-//W3C//DTD XHTML 1.0 Transitional//EN"
    "http://www.w3.org/TR/xhtml1/DTD/xhtml1-transitional.dtd">
<html xmlns="http://www.w3.org/1999/xhtml" xml:lang="en" lang="en">
 <head>
  <title>
</title>
<meta http-equiv="Content-Type" content="text/html;charset=utf-8" />
  <meta name='ocr-system' content='tesseract 3.04.00' />
  <meta name='ocr-capabilities' content='ocr_page ocr_carea ocr_par ocr_line ocrx_word'/>
</head>
<body>
  <div class='ocr_page' id='page_1' title='image "./comoedisex00unkngoog_0078.png"; bbox 0 0 3050 4942; ppageno 0'>
   <div class='ocr_carea' id='block_1_1' title="bbox 505 329 1873 400">
    <p class='ocr_par' dir='ltr' id='par_1_1' title="bbox 505 329 1873 400">
     <span class='ocr_line' id='line_1_1' title="bbox 505 329 1873 400; baseline 0.008 -13"><span class='ocrx_word' id='word_1_1' title='bbox 505 329 597 397; x_wconf 82' lang='lat'><strong>68</strong></span> <span class='ocrx_word' id='word_1_2' title='bbox 1347 349 1443 395; x_wconf 77' lang='lat' dir='ltr'><strong>nn</strong></span> <span class='ocrx_word' id='word_1_3' title='bbox 1488 349 1873 400; x_wconf 67' lang='grc' dir='ltr'><strong>ΨΗΕΛΤΒΟ.</strong></span> 
     </span>
    </p>
   </div>
   <div class='ocr_carea' id='block_1_2' title="bbox 502 477 2710 4259">
    <p class='ocr_par' dir='ltr' id='par_1_2' title="bbox 504 477 2710 2224">
     <span class='ocr_line' id='line_1_2' title="bbox 511 477 2703 578; baseline 0.005 -27"><span class='ocrx_word' id='word_1_4' title='bbox 511 501 755 553; x_wconf 89' lang='lat' dir='ltr'><strong>ornatus</strong></span> <span class='ocrx_word' id='word_1_5' title='bbox 782 512 798 552; x_wconf 74' lang='grc' dir='ltr'><strong><em>ε</em></strong></span> <span class='ocrx_word' id='word_1_6' title='bbox 839 513 873 554; x_wconf 89' lang='lat' dir='ltr'><strong>e</strong></span> <span class='ocrx_word' id='word_1_7' title='bbox 909 490 1133 572; x_wconf 73' lang='lat' dir='ltr'><strong>&#39;quibus</strong></span> <span class='ocrx_word' id='word_1_8' title='bbox 1162 490 1398 552; x_wconf 81' lang='lat' dir='ltr'>innoxie</span> <span class='ocrx_word' id='word_1_9' title='bbox 1427 503 1627 572; x_wconf 86' lang='lat' dir='ltr'><strong>patres</strong></span> <span class='ocrx_word' id='word_1_10' title='bbox 1654 494 2003 574; x_wconf 75' lang='lat' dir='ltr'>equitesque</span> <span class='ocrx_word' id='word_1_11' title='bbox 2035 477 2289 557; x_wconf 80' lang='lat' dir='ltr'><strong>Romani</strong></span> <span class='ocrx_word' id='word_1_12' title='bbox 2330 508 2703 578; x_wconf 88' lang='lat' dir='ltr'><strong>prospectare</strong></span> 
     </span>
     <span class='ocr_line' id='line_1_3' title="bbox 512 588 2706 670; baseline 0.003 -19"><span class='ocrx_word' id='word_1_13' title='bbox 512 590 817 651; x_wconf 80' lang='lat' dir='ltr'><strong>solebant:</strong></span> <span class='ocrx_word' id='word_1_14' title='bbox 859 588 1191 670; x_wconf 88' lang='lat' dir='ltr'><strong>cujusmodi</strong></span> <span class='ocrx_word' id='word_1_15' title='bbox 1220 589 1517 668; x_wconf 82' lang='lat' dir='ltr'><strong>quendam</strong></span> <span class='ocrx_word' id='word_1_16' title='bbox 1550 591 1873 652; x_wconf 83' lang='lat' dir='ltr'><strong>Flaminius</strong></span> <span class='ocrx_word' id='word_1_17' title='bbox 1900 592 2107 653; x_wconf 81' lang='lat' dir='ltr'><strong>Romoe</strong></span> <span class='ocrx_word' id='word_1_18' title='bbox 2134 597 2501 656; x_wconf 77' lang='lat' dir='ltr'><strong>construxit:</strong></span> <span class='ocrx_word' id='word_1_19' title='bbox 2545 595 2706 658; x_wconf 89' lang='lat' dir='ltr'><strong>unde</strong></span> 
     </span>
     <span class='ocr_line' id='line_1_4' title="bbox 510 686 2706 765; baseline 0.003 -18"><span class='ocrx_word' id='word_1_20' title='bbox 510 688 732 748; x_wconf 84' lang='lat' dir='ltr'><strong>circ‘um</strong></span> <span class='ocrx_word' id='word_1_21' title='bbox 763 686 1112 746; x_wconf 88' lang='lat' dir='ltr'><strong>Flaminium</strong></span> <span class='ocrx_word' id='word_1_22' title='bbox 1158 686 1432 765; x_wconf 88' lang='lat' dir='ltr'><strong>legimus,</strong></span> <span class='ocrx_word' id='word_1_23' title='bbox 1473 696 1535 746; x_wconf 90' lang='lat' dir='ltr'><strong>et</strong></span> <span class='ocrx_word' id='word_1_24' title='bbox 1563 688 1781 749; x_wconf 87' lang='lat' dir='ltr'><strong>circum</strong></span> <span class='ocrx_word' id='word_1_25' title='bbox 1808 689 2153 761; x_wconf 86' lang='lat' dir='ltr'><strong>Maximum,</strong></span> <span class='ocrx_word' id='word_1_26' title='bbox 2185 710 2220 750; x_wconf 91' lang='lat' dir='ltr'><strong>a</strong></span> <span class='ocrx_word' id='word_1_27' title='bbox 2250 691 2488 752; x_wconf 88' lang='lat' dir='ltr'><strong>Caesare</strong></span> <span class='ocrx_word' id='word_1_28' title='bbox 2519 692 2706 753; x_wconf 88' lang='lat' dir='ltr'><strong>dicta-</strong></span> 
     </span>
     <span class='ocr_line' id='line_1_5' title="bbox 508 783 2708 868; baseline 0.003 -24"><span class='ocrx_word' id='word_1_29' title='bbox 508 793 634 844; x_wconf 86' lang='lat' dir='ltr'>tore</span> <span class='ocrx_word' id='word_1_30' title='bbox 661 794 1047 856; x_wconf 86' lang='lat' dir='ltr'><strong>exstructum,</strong></span> <span class='ocrx_word' id='word_1_31' title='bbox 1076 783 1244 862; x_wconf 87' lang='lat' dir='ltr'><strong>cujus</strong></span> <span class='ocrx_word' id='word_1_32' title='bbox 1271 784 1526 861; x_wconf 85' lang='lat' dir='ltr'><strong>vestigia</strong></span> <span class='ocrx_word' id='word_1_33' title='bbox 1555 783 1750 844; x_wconf 88' lang='lat' dir='ltr'><strong>adhuc</strong></span> <span class='ocrx_word' id='word_1_34' title='bbox 1779 784 1955 845; x_wconf 89' lang='lat' dir='ltr'><strong>hodie</strong></span> <span class='ocrx_word' id='word_1_35' title='bbox 1985 785 2251 847; x_wconf 85' lang='lat' dir='ltr'><strong>visuntur</strong></span> <span class='ocrx_word' id='word_1_36' title='bbox 2283 788 2511 858; x_wconf 81' lang='lat' dir='ltr'><strong>Romae,</strong></span> <span class='ocrx_word' id='word_1_37' title='bbox 2529 789 2708 868; x_wconf 83' lang='lat' dir='ltr'><strong>juxta</strong></span> 
     </span>
     <span class='ocr_line' id='line_1_6' title="bbox 511 880 2706 963; baseline 0.002 -21"><span class='ocrx_word' id='word_1_38' title='bbox 511 881 702 942; x_wconf 78' lang='lat' dir='ltr'><strong>oedem</strong></span> <span class='ocrx_word' id='word_1_39' title='bbox 743 881 822 942; x_wconf 92' lang='lat' dir='ltr'><strong>D.</strong></span> <span class='ocrx_word' id='word_1_40' title='bbox 871 881 1220 941; x_wconf 72' lang='lat' dir='ltr'><strong>Sebastiano</strong></span> <span class='ocrx_word' id='word_1_41' title='bbox 1249 899 1497 940; x_wconf 85' lang='lat' dir='ltr'><strong>sacram.</strong></span> <span class='ocrx_word' id='word_1_42' title='bbox 1586 880 1721 940; x_wconf 89' lang='lat' dir='ltr'><strong>Fuit</strong></span> <span class='ocrx_word' id='word_1_43' title='bbox 1749 894 1948 941; x_wconf 90' lang='lat' dir='ltr'><strong>autem</strong></span> <span class='ocrx_word' id='word_1_44' title='bbox 1977 882 2349 963; x_wconf 83' lang='lat' dir='ltr'><strong>longitudine</strong></span> <span class='ocrx_word' id='word_1_45' title='bbox 2381 885 2706 947; x_wconf 87' lang='lat' dir='ltr'><strong>stadiorum</strong></span> 
     </span>
     <span class='ocr_line' id='line_1_7' title="bbox 508 977 2706 1059; baseline 0.001 -19"><span class='ocrx_word' id='word_1_46' title='bbox 508 978 705 1051; x_wconf 91' lang='lat' dir='ltr'><strong>trium,</strong></span> <span class='ocrx_word' id='word_1_47' title='bbox 733 979 1045 1039; x_wconf 86' lang='lat' dir='ltr'><strong>latitudine</strong></span> <span class='ocrx_word' id='word_1_48' title='bbox 1068 977 1266 1050; x_wconf 89' lang='lat' dir='ltr'><strong>unius,</strong></span> <span class='ocrx_word' id='word_1_49' title='bbox 1286 996 1422 1038; x_wconf 87' lang='lat' dir='ltr'><strong>cum</strong></span> <span class='ocrx_word' id='word_1_50' title='bbox 1447 977 1713 1038; x_wconf 86' lang='lat' dir='ltr'><strong>aedificiis</strong></span> <span class='ocrx_word' id='word_1_51' title='bbox 1732 978 2007 1058; x_wconf 89' lang='lat' dir='ltr'><strong>jugerum</strong></span> <span class='ocrx_word' id='word_1_52' title='bbox 2031 990 2381 1059; x_wconf 90' lang='lat' dir='ltr'><strong>quaternum</strong></span> <span class='ocrx_word' id='word_1_53' title='bbox 2402 981 2479 1041; x_wconf 89' lang='lat' dir='ltr'><strong>ad</strong></span> <span class='ocrx_word' id='word_1_54' title='bbox 2501 982 2706 1043; x_wconf 88' lang='lat' dir='ltr'><strong>sedem</strong></span> 
     </span>
     <span class='ocr_line' id='line_1_8' title="bbox 508 1070 2709 1153; baseline 0.001 -17"><span class='ocrx_word' id='word_1_55' title='bbox 508 1077 896 1136; x_wconf 86' lang='lat' dir='ltr'><strong>ducentorum</strong></span> <span class='ocrx_word' id='word_1_56' title='bbox 929 1075 1237 1153; x_wconf 84' lang='lat' dir='ltr'><strong>sexaginta</strong></span> <span class='ocrx_word' id='word_1_57' title='bbox 1281 1070 1526 1133; x_wconf 86' lang='lat' dir='ltr'><strong>millium</strong></span> <span class='ocrx_word' id='word_1_58' title='bbox 1572 1074 1894 1137; x_wconf 89' lang='lat' dir='ltr'><strong>hominum.</strong></span> <span class='ocrx_word' id='word_1_59' title='bbox 1978 1076 2163 1136; x_wconf 88' lang='lat' dir='ltr'><strong>Erant</strong></span> <span class='ocrx_word' id='word_1_60' title='bbox 2206 1077 2265 1136; x_wconf 89' lang='lat' dir='ltr'><strong>in</strong></span> <span class='ocrx_word' id='word_1_61' title='bbox 2297 1097 2368 1138; x_wconf 87' lang='lat' dir='ltr'><strong>eo</strong></span> <span class='ocrx_word' id='word_1_62' title='bbox 2397 1090 2570 1139; x_wconf 87' lang='lat' dir='ltr'><strong>metae</strong></span> <span class='ocrx_word' id='word_1_63' title='bbox 2602 1080 2709 1140; x_wconf 90' lang='lat' dir='ltr'><strong>de-</strong></span> 
     </span>
     <span class='ocr_line' id='line_1_9' title="bbox 505 1156 2705 1260; baseline 0.002 -27"><span class='ocrx_word' id='word_1_64' title='bbox 505 1174 741 1254; x_wconf 84' lang='lat' dir='ltr'><strong>positae,</strong></span> <span class='ocrx_word' id='word_1_65' title='bbox 770 1171 1015 1260; x_wconf 82' lang='lat' dir='ltr'><strong>duarum</strong></span> <span class='ocrx_word' id='word_1_66' title='bbox 1044 1181 1149 1230; x_wconf 90' lang='lat' dir='ltr'><strong>aut</strong></span> <span class='ocrx_word' id='word_1_67' title='bbox 1176 1170 1347 1230; x_wconf 89' lang='lat' dir='ltr'><strong>trium</strong></span> <span class='ocrx_word' id='word_1_68' title='bbox 1374 1169 1744 1251; x_wconf 83' lang='lat' dir='ltr'><strong>pyramidum</strong></span> <span class='ocrx_word' id='word_1_69' title='bbox 1773 1173 2021 1233; x_wconf 84' lang='lat' dir='ltr'><strong>formam</strong></span> <span class='ocrx_word' id='word_1_70' title='bbox 2050 1156 2391 1236; x_wconf 36' lang='lat' dir='ltr'><strong>referentes..</strong></span> <span class='ocrx_word' id='word_1_71' title='bbox 2477 1176 2545 1235; x_wconf 92' lang='lat' dir='ltr'><strong>In</strong></span> <span class='ocrx_word' id='word_1_72' title='bbox 2575 1177 2705 1256; x_wconf 86' lang='lat' dir='ltr'><strong>ejus</strong></span> 
     </span>
     <span class='ocr_line' id='line_1_10' title="bbox 509 1269 2706 1350; baseline 0.002 -20"><span class='ocrx_word' id='word_1_73' title='bbox 509 1271 845 1330; x_wconf 81' lang='lat' dir='ltr'><strong>summitate</strong></span> <span class='ocrx_word' id='word_1_74' title='bbox 873 1288 1138 1329; x_wconf 85' lang='lat' dir='ltr'><strong>carceres</strong></span> <span class='ocrx_word' id='word_1_75' title='bbox 1165 1280 1352 1340; x_wconf 86' lang='lat' dir='ltr'><strong>erant,</strong></span> <span class='ocrx_word' id='word_1_76' title='bbox 1380 1288 1412 1326; x_wconf 92' lang='lat' dir='ltr'><strong>e</strong></span> <span class='ocrx_word' id='word_1_77' title='bbox 1442 1269 1654 1346; x_wconf 85' lang='lat' dir='ltr'><strong>quibus</strong></span> <span class='ocrx_word' id='word_1_78' title='bbox 1682 1270 1818 1347; x_wconf 91' lang='lat' dir='ltr'><strong>equi</strong></span> <span class='ocrx_word' id='word_1_79' title='bbox 1844 1271 2108 1332; x_wconf 88' lang='lat' dir='ltr'><strong>curribus</strong></span> <span class='ocrx_word' id='word_1_80' title='bbox 2136 1271 2332 1350; x_wconf 90' lang='lat' dir='ltr'><strong>juncti</strong></span> <span class='ocrx_word' id='word_1_81' title='bbox 2360 1272 2437 1333; x_wconf 91' lang='lat' dir='ltr'><strong>ad</strong></span> <span class='ocrx_word' id='word_1_82' title='bbox 2466 1293 2706 1334; x_wconf 87' lang='lat' dir='ltr'><strong>cursum</strong></span> 
     </span>
     <span class='ocr_line' id='line_1_11' title="bbox 508 1365 2709 1443; baseline 0 -14"><span class='ocrx_word' id='word_1_83' title='bbox 508 1369 945 1439; x_wconf 78' lang='lat' dir='ltr'><strong>emittebantur,</strong></span> <span class='ocrx_word' id='word_1_84' title='bbox 974 1375 1052 1439; x_wconf 89' lang='lat' dir='ltr'><strong>et,</strong></span> <span class='ocrx_word' id='word_1_85' title='bbox 1080 1386 1216 1426; x_wconf 91' lang='lat' dir='ltr'><strong>cum</strong></span> <span class='ocrx_word' id='word_1_86' title='bbox 1244 1365 1319 1426; x_wconf 91' lang='lat' dir='ltr'><strong>ad</strong></span> <span class='ocrx_word' id='word_1_87' title='bbox 1353 1385 1643 1426; x_wconf 82' lang='lat' dir='ltr'><strong>summum</strong></span> <span class='ocrx_word' id='word_1_88' title='bbox 1674 1366 2075 1441; x_wconf 79' lang='lat' dir='ltr'><strong>devenissent,</strong></span> <span class='ocrx_word' id='word_1_89' title='bbox 2102 1371 2572 1443; x_wconf 85' lang='lat' dir='ltr'><strong>revolvebantur,</strong></span> <span class='ocrx_word' id='word_1_90' title='bbox 2602 1370 2709 1430; x_wconf 89' lang='lat' dir='ltr'><strong>do·</strong></span> 
     </span>
     <span class='ocr_line' id='line_1_12' title="bbox 507 1464 2704 1547; baseline 0.001 -23"><span class='ocrx_word' id='word_1_91' title='bbox 507 1485 618 1524; x_wconf 88' lang='lat' dir='ltr'><strong>nec</strong></span> <span class='ocrx_word' id='word_1_92' title='bbox 666 1464 743 1524; x_wconf 90' lang='lat' dir='ltr'><strong>ad</strong></span> <span class='ocrx_word' id='word_1_93' title='bbox 787 1464 1044 1545; x_wconf 82' lang='lat' dir='ltr'><strong>priorem</strong></span> <span class='ocrx_word' id='word_1_94' title='bbox 1080 1474 1297 1524; x_wconf 88' lang='lat' dir='ltr'><strong>metam</strong></span> <span class='ocrx_word' id='word_1_95' title='bbox 1340 1465 1728 1544; x_wconf 87' lang='lat' dir='ltr'><strong>pervenirent.</strong></span> <span class='ocrx_word' id='word_1_96' title='bbox 1811 1465 1865 1524; x_wconf 92' lang='lat' dir='ltr'><strong>A</strong></span> <span class='ocrx_word' id='word_1_97' title='bbox 1908 1466 2194 1538; x_wconf 86' lang='lat' dir='ltr'><strong>curribus,</strong></span> <span class='ocrx_word' id='word_1_98' title='bbox 2240 1467 2356 1527; x_wconf 91' lang='lat' dir='ltr'><strong>hoc</strong></span> <span class='ocrx_word' id='word_1_99' title='bbox 2386 1481 2498 1541; x_wconf 87' lang='lat' dir='ltr'><strong>est,</strong></span> <span class='ocrx_word' id='word_1_100' title='bbox 2526 1469 2704 1547; x_wconf 84' lang='lat' dir='ltr'><strong>bigis,</strong></span> 
     </span>
     <span class='ocr_line' id='line_1_13' title="bbox 504 1559 2704 1646; baseline 0.002 -26"><span class='ocrx_word' id='word_1_101' title='bbox 504 1562 697 1642; x_wconf 88' lang='lat' dir='ltr'><strong>trigis,</strong></span> <span class='ocrx_word' id='word_1_102' title='bbox 741 1571 802 1622; x_wconf 91' lang='lat' dir='ltr'><strong>et</strong></span> <span class='ocrx_word' id='word_1_103' title='bbox 845 1560 1169 1641; x_wconf 84' lang='lat' dir='ltr'><strong>quadrigis,</strong></span> <span class='ocrx_word' id='word_1_104' title='bbox 1199 1561 1449 1621; x_wconf 75' lang='lat' dir='ltr'><strong>Cur-ales</strong></span> <span class='ocrx_word' id='word_1_105' title='bbox 1488 1560 1638 1620; x_wconf 90' lang='lat' dir='ltr'><strong>Ludi</strong></span> <span class='ocrx_word' id='word_1_106' title='bbox 1682 1559 1847 1621; x_wconf 90' lang='lat' dir='ltr'><strong>dicti.</strong></span> <span class='ocrx_word' id='word_1_107' title='bbox 1933 1561 2105 1622; x_wconf 89' lang='lat' dir='ltr'><strong>Unde</strong></span> <span class='ocrx_word' id='word_1_108' title='bbox 2133 1563 2310 1623; x_wconf 88' lang='lat' dir='ltr'><strong>etiam</strong></span> <span class='ocrx_word' id='word_1_109' title='bbox 2338 1563 2530 1624; x_wconf 88' lang='lat' dir='ltr'><strong>dictos</strong></span> <span class='ocrx_word' id='word_1_110' title='bbox 2555 1577 2704 1646; x_wconf 90' lang='lat' dir='ltr'><strong>puto</strong></span> 
     </span>
     <span class='ocr_line' id='line_1_14' title="bbox 509 1657 2710 1739; baseline 0.002 -21"><span class='ocrx_word' id='word_1_111' title='bbox 509 1659 715 1719; x_wconf 86' lang='lat' dir='ltr'><strong>aediles</strong></span> <span class='ocrx_word' id='word_1_112' title='bbox 765 1659 1022 1731; x_wconf 89' lang='lat' dir='ltr'><strong>curules,</strong></span> <span class='ocrx_word' id='word_1_113' title='bbox 1070 1657 1232 1736; x_wconf 91' lang='lat' dir='ltr'><strong>quod</strong></span> <span class='ocrx_word' id='word_1_114' title='bbox 1277 1657 1348 1717; x_wconf 90' lang='lat' dir='ltr'><strong>iis</strong></span> <span class='ocrx_word' id='word_1_115' title='bbox 1399 1657 1897 1718; x_wconf 66' lang='lat' dir='ltr'><strong>administrandis*</strong></span> <span class='ocrx_word' id='word_1_116' title='bbox 1932 1669 2137 1719; x_wconf 86' lang='lat' dir='ltr'><strong>essent</strong></span> <span class='ocrx_word' id='word_1_117' title='bbox 2181 1660 2443 1739; x_wconf 89' lang='lat' dir='ltr'><strong>praefecti</strong></span> <span class='ocrx_word' id='word_1_118' title='bbox 2469 1681 2484 1720; x_wconf 90' lang='lat'>:</span> <span class='ocrx_word' id='word_1_119' title='bbox 2536 1673 2710 1722; x_wconf 92' lang='lat' dir='ltr'><strong>erant</strong></span> 
     </span>
     <span class='ocr_line' id='line_1_15' title="bbox 509 1755 2710 1835; baseline 0.001 -19"><span class='ocrx_word' id='word_1_120' title='bbox 509 1757 666 1817; x_wconf 90' lang='lat' dir='ltr'><strong>enim</strong></span> <span class='ocrx_word' id='word_1_121' title='bbox 693 1756 952 1817; x_wconf 90' lang='lat' dir='ltr'><strong>omnium</strong></span> <span class='ocrx_word' id='word_1_122' title='bbox 979 1755 1450 1835; x_wconf 85' lang='lat' dir='ltr'><strong>praestantissimi</strong></span> <span class='ocrx_word' id='word_1_123' title='bbox 1479 1755 1652 1816; x_wconf 88' lang='lat' dir='ltr'><strong>Ludi.</strong></span> <span class='ocrx_word' id='word_1_124' title='bbox 1737 1757 1893 1816; x_wconf 91' lang='lat' dir='ltr'><strong>Nam</strong></span> <span class='ocrx_word' id='word_1_125' title='bbox 1932 1758 1991 1817; x_wconf 89' lang='lat' dir='ltr'><strong>in</strong></span> <span class='ocrx_word' id='word_1_126' title='bbox 2043 1757 2114 1816; x_wconf 84' lang='lat' dir='ltr'><strong>iis</strong></span> <span class='ocrx_word' id='word_1_127' title='bbox 2154 1775 2221 1818; x_wconf 85' lang='lat' dir='ltr'><strong>se</strong></span> <span class='ocrx_word' id='word_1_128' title='bbox 2266 1760 2598 1832; x_wconf 84' lang='lat' dir='ltr'><strong>exercebat,</strong></span> <span class='ocrx_word' id='word_1_129' title='bbox 2645 1771 2710 1820; x_wconf 90' lang='lat' dir='ltr'><strong>et</strong></span> 
     </span>
     <span class='ocr_line' id='line_1_16' title="bbox 506 1844 2705 1935; baseline 0.001 -21"><span class='ocrx_word' id='word_1_130' title='bbox 506 1853 737 1933; x_wconf 87' lang='lat' dir='ltr'><strong>magnis</strong></span> <span class='ocrx_word' id='word_1_131' title='bbox 784 1853 1040 1932; x_wconf 86' lang='lat' dir='ltr'><strong>praemiis</strong></span> <span class='ocrx_word' id='word_1_132' title='bbox 1089 1851 1492 1912; x_wconf 85' lang='lat' dir='ltr'><strong>contendebat</strong></span> <span class='ocrx_word' id='word_1_133' title='bbox 1539 1852 1907 1913; x_wconf 86' lang='lat' dir='ltr'><strong>nobilissima</strong></span> <span class='ocrx_word' id='word_1_134' title='bbox 1941 1844 2357 1915; x_wconf 86' lang='lat' dir='ltr'><strong>¹Romanorum</strong></span> <span class='ocrx_word' id='word_1_135' title='bbox 2395 1855 2705 1935; x_wconf 87' lang='lat' dir='ltr'><strong>juventus,</strong></span> 
     </span>
     <span class='ocr_line' id='line_1_17' title="bbox 508 1947 2705 2032; baseline 0.002 -22"><span class='ocrx_word' id='word_1_136' title='bbox 508 1952 815 2030; x_wconf 83' lang='lat' dir='ltr'><strong>aptiorque</strong></span> <span class='ocrx_word' id='word_1_137' title='bbox 844 1948 921 2009; x_wconf 93' lang='lat' dir='ltr'><strong>ad</strong></span> <span class='ocrx_word' id='word_1_138' title='bbox 947 1948 1171 2008; x_wconf 89' lang='lat' dir='ltr'><strong>bellum</strong></span> <span class='ocrx_word' id='word_1_139' title='bbox 1198 1947 1573 2009; x_wconf 88' lang='lat' dir='ltr'><strong>reddebatur.</strong></span> <span class='ocrx_word' id='word_1_140' title='bbox 1659 1949 1706 2007; x_wconf 96' lang='lat' dir='ltr'><strong>F</strong></span> <span class='ocrx_word' id='word_1_141' title='bbox 1709 1948 1909 2010; x_wconf 89' lang='lat' dir='ltr'><strong>iebant</strong></span> <span class='ocrx_word' id='word_1_142' title='bbox 1948 1950 2197 2029; x_wconf 87' lang='lat' dir='ltr'><strong>primum</strong></span> <span class='ocrx_word' id='word_1_143' title='bbox 2241 1951 2399 2030; x_wconf 88' lang='lat' dir='ltr'><strong>apud</strong></span> <span class='ocrx_word' id='word_1_144' title='bbox 2430 1953 2705 2032; x_wconf 86' lang='lat' dir='ltr'><strong>antiquos</strong></span> 
     </span>
     <span class='ocr_line' id='line_1_18' title="bbox 506 2045 2704 2129; baseline 0.002 -24"><span class='ocrx_word' id='word_1_145' title='bbox 506 2047 658 2107; x_wconf 91' lang='lat' dir='ltr'><strong>inter</strong></span> <span class='ocrx_word' id='word_1_146' title='bbox 687 2065 861 2106; x_wconf 87' lang='lat' dir='ltr'><strong>enses</strong></span> <span class='ocrx_word' id='word_1_147' title='bbox 884 2055 951 2108; x_wconf 81' lang='lat' dir='ltr'><strong>et</strong></span> <span class='ocrx_word' id='word_1_148' title='bbox 975 2045 1237 2116; x_wconf 89' lang='lat' dir='ltr'><strong>flumina,</strong></span> <span class='ocrx_word' id='word_1_149' title='bbox 1267 2055 1336 2105; x_wconf 92' lang='lat' dir='ltr'><strong>ut</strong></span> <span class='ocrx_word' id='word_1_150' title='bbox 1362 2045 1437 2104; x_wconf 88' lang='lat' dir='ltr'><strong>ab</strong></span> <span class='ocrx_word' id='word_1_151' title='bbox 1460 2054 1711 2123; x_wconf 84' lang='lat' dir='ltr'><strong>utraque</strong></span> <span class='ocrx_word' id='word_1_152' title='bbox 1751 2054 1920 2125; x_wconf 87' lang='lat' dir='ltr'><strong>parte</strong></span> <span class='ocrx_word' id='word_1_153' title='bbox 1961 2055 2121 2106; x_wconf 86' lang='lat' dir='ltr'><strong>esset</strong></span> <span class='ocrx_word' id='word_1_154' title='bbox 2157 2046 2409 2126; x_wconf 85' lang='lat' dir='ltr'><strong>ignaviae</strong></span> <span class='ocrx_word' id='word_1_155' title='bbox 2436 2068 2704 2129; x_wconf 85' lang='lat' dir='ltr'><strong>praesens</strong></span> 
     </span>
     <span class='ocr_line' id='line_1_19' title="bbox 507 2143 2071 2224; baseline -0.001 -22"><span class='ocrx_word' id='word_1_156' title='bbox 507 2143 853 2222; x_wconf 88' lang='lat' dir='ltr'><strong>periculum.</strong></span> <span class='ocrx_word' id='word_1_157' title='bbox 2063 2218 2071 2224; x_wconf 84' lang='lat'><strong>.</strong></span> 
     </span>
    </p>

    <p class='ocr_par' dir='ltr' id='par_1_3' title="bbox 506 2237 2709 2689">
     <span class='ocr_line' id='line_1_20' title="bbox 589 2237 2709 2320; baseline 0.002 -22"><span class='ocrx_word' id='word_1_158' title='bbox 589 2242 926 2320; x_wconf 88' lang='lat' dir='ltr'><strong>Agitatores</strong></span> <span class='ocrx_word' id='word_1_159' title='bbox 957 2237 1099 2298; x_wconf 89' lang='lat' dir='ltr'><strong>dicti</strong></span> <span class='ocrx_word' id='word_1_160' title='bbox 1127 2247 1269 2299; x_wconf 86' lang='lat' dir='ltr'><strong>sunt</strong></span> <span class='ocrx_word' id='word_1_161' title='bbox 1294 2239 1514 2319; x_wconf 83' lang='lat' dir='ltr'><strong>aurigae</strong></span> <span class='ocrx_word' id='word_1_162' title='bbox 1543 2239 1603 2298; x_wconf 92' lang='lat' dir='ltr'><strong>in</strong></span> <span class='ocrx_word' id='word_1_163' title='bbox 1634 2238 1839 2299; x_wconf 86' lang='lat' dir='ltr'><strong>Curuli</strong></span> <span class='ocrx_word' id='word_1_164' title='bbox 1867 2238 2201 2300; x_wconf 86' lang='lat' dir='ltr'><strong>Certamine</strong></span> <span class='ocrx_word' id='word_1_165' title='bbox 2242 2252 2304 2302; x_wconf 91' lang='lat' dir='ltr'><strong>et</strong></span> <span class='ocrx_word' id='word_1_166' title='bbox 2347 2241 2529 2302; x_wconf 88' lang='lat' dir='ltr'><strong>Ludis</strong></span> <span class='ocrx_word' id='word_1_167' title='bbox 2575 2243 2709 2304; x_wconf 88' lang='lat' dir='ltr'><strong>Cir·</strong></span> 
     </span>
     <span class='ocr_line' id='line_1_21' title="bbox 507 2336 2708 2416; baseline 0 -17"><span class='ocrx_word' id='word_1_168' title='bbox 507 2338 803 2410; x_wconf 78' lang='lat' dir='ltr'><strong>censibuS,</strong></span> <span class='ocrx_word' id='word_1_169' title='bbox 845 2356 1093 2416; x_wconf 89' lang='lat' dir='ltr'><strong>quorum</strong></span> <span class='ocrx_word' id='word_1_170' title='bbox 1143 2336 1430 2397; x_wconf 85' lang='lat' dir='ltr'><strong>factiones</strong></span> <span class='ocrx_word' id='word_1_171' title='bbox 1476 2341 1647 2397; x_wconf 89' lang='lat' dir='ltr'><strong>erant</strong></span> <span class='ocrx_word' id='word_1_172' title='bbox 1685 2356 1723 2396; x_wconf 86' lang='lat' dir='ltr'><strong>a</strong></span> <span class='ocrx_word' id='word_1_173' title='bbox 1765 2338 2094 2398; x_wconf 87' lang='lat' dir='ltr'><strong>tunicarum</strong></span> <span class='ocrx_word' id='word_1_174' title='bbox 2133 2338 2468 2399; x_wconf 86' lang='lat' dir='ltr'><strong>coloribus:</strong></span> <span class='ocrx_word' id='word_1_175' title='bbox 2510 2348 2578 2400; x_wconf 91' lang='lat' dir='ltr'><strong>ut</strong></span> <span class='ocrx_word' id='word_1_176' title='bbox 2606 2341 2708 2400; x_wconf 85' lang='lat' dir='ltr'><strong>alii</strong></span> 
     </span>
     <span class='ocr_line' id='line_1_22' title="bbox 511 2433 2706 2514; baseline 0.001 -19"><span class='ocrx_word' id='word_1_177' title='bbox 511 2436 843 2496; x_wconf 87' lang='lat' dir='ltr'><strong>dicerentur</strong></span> <span class='ocrx_word' id='word_1_178' title='bbox 886 2435 1150 2506; x_wconf 84' lang='lat' dir='ltr'><strong>Russati,</strong></span> <span class='ocrx_word' id='word_1_179' title='bbox 1197 2434 1418 2507; x_wconf 88' lang='lat' dir='ltr'><strong>Albati,</strong></span> <span class='ocrx_word' id='word_1_180' title='bbox 1461 2433 1715 2507; x_wconf 88' lang='lat' dir='ltr'><strong>Prasini‚</strong></span> <span class='ocrx_word' id='word_1_181' title='bbox 1746 2434 2001 2503; x_wconf 85' lang='lat' dir='ltr'><strong>Veneti;</strong></span> <span class='ocrx_word' id='word_1_182' title='bbox 2046 2445 2225 2514; x_wconf 88' lang='lat' dir='ltr'><strong>atque</strong></span> <span class='ocrx_word' id='word_1_183' title='bbox 2252 2435 2337 2495; x_wconf 88' lang='lat' dir='ltr'><strong>ita</strong></span> <span class='ocrx_word' id='word_1_184' title='bbox 2362 2435 2706 2497; x_wconf 81' lang='lat' dir='ltr'><strong>insistentes</strong></span> 
     </span>
     <span class='ocr_line' id='line_1_23' title="bbox 507 2531 2706 2612; baseline 0.001 -19"><span class='ocrx_word' id='word_1_185' title='bbox 507 2533 775 2595; x_wconf 86' lang='lat' dir='ltr'><strong>curribus</strong></span> <span class='ocrx_word' id='word_1_186' title='bbox 808 2532 1081 2612; x_wconf 75' lang='lat' dir='ltr'><strong>juv&#39;eneS,</strong></span> <span class='ocrx_word' id='word_1_187' title='bbox 1125 2532 1438 2592; x_wconf 86' lang='lat' dir='ltr'><strong>velocitate</strong></span> <span class='ocrx_word' id='word_1_188' title='bbox 1480 2551 1786 2611; x_wconf 87' lang='lat' dir='ltr'><strong>equorum,</strong></span> <span class='ocrx_word' id='word_1_189' title='bbox 1829 2541 1930 2590; x_wconf 90' lang='lat' dir='ltr'><strong>aut</strong></span> <span class='ocrx_word' id='word_1_190' title='bbox 1971 2531 2327 2611; x_wconf 85' lang='lat' dir='ltr'><strong>agitatorum</strong></span> <span class='ocrx_word' id='word_1_191' title='bbox 2356 2542 2480 2594; x_wconf 90' lang='lat' dir='ltr'><strong>arte</strong></span> <span class='ocrx_word' id='word_1_192' title='bbox 2508 2534 2706 2595; x_wconf 86' lang='lat' dir='ltr'><strong>trahe-</strong></span> 
     </span>
     <span class='ocr_line' id='line_1_24' title="bbox 506 2631 743 2689; baseline 0 -1"><span class='ocrx_word' id='word_1_193' title='bbox 506 2631 743 2689; x_wconf 84' lang='lat' dir='ltr'><strong>bantur.</strong></span> 
     </span>
    </p>

    <p class='ocr_par' dir='ltr' id='par_1_4' title="bbox 506 2710 2704 3096">
     <span class='ocr_line' id='line_1_25' title="bbox 591 2710 2704 2806; baseline 0.001 -20"><span class='ocrx_word' id='word_1_194' title='bbox 591 2728 774 2788; x_wconf 89' lang='lat' dir='ltr'><strong>Erant</strong></span> <span class='ocrx_word' id='word_1_195' title='bbox 799 2739 861 2788; x_wconf 88' lang='lat' dir='ltr'><strong>et</strong></span> <span class='ocrx_word' id='word_1_196' title='bbox 890 2727 1240 2798; x_wconf 79' lang='lat' dir='ltr'><strong>desultoreS,</strong></span> <span class='ocrx_word' id='word_1_197' title='bbox 1283 2726 1386 2806; x_wconf 91' lang='lat' dir='ltr'><strong>qui</strong></span> <span class='ocrx_word' id='word_1_198' title='bbox 1415 2725 1569 2786; x_wconf 84' lang='lat' dir='ltr'><strong>duos</strong></span> <span class='ocrx_word' id='word_1_199' title='bbox 1598 2746 1783 2806; x_wconf 86' lang='lat' dir='ltr'><strong>equos</strong></span> <span class='ocrx_word' id='word_1_200' title='bbox 1813 2728 2039 2805; x_wconf 86' lang='lat' dir='ltr'><strong>absque</strong></span> <span class='ocrx_word' id='word_1_201' title='bbox 2067 2725 2356 2806; x_wconf 88' lang='lat' dir='ltr'><strong>ephippiis</strong></span> <span class='ocrx_word' id='word_1_202' title='bbox 2385 2710 2704 2805; x_wconf 82' lang='lat' dir='ltr'><strong>agitantes,</strong></span> 
     </span>
     <span class='ocr_line' id='line_1_26' title="bbox 507 2822 2702 2905; baseline -0 -20"><span class='ocrx_word' id='word_1_203' title='bbox 507 2846 583 2885; x_wconf 82' lang='lat' dir='ltr'><strong>ex</strong></span> <span class='ocrx_word' id='word_1_204' title='bbox 609 2826 795 2886; x_wconf 89' lang='lat' dir='ltr'><strong>altero</strong></span> <span class='ocrx_word' id='word_1_205' title='bbox 823 2826 882 2884; x_wconf 91' lang='lat' dir='ltr'><strong>in</strong></span> <span class='ocrx_word' id='word_1_206' title='bbox 913 2826 1157 2886; x_wconf 86' lang='lat' dir='ltr'><strong>alterum</strong></span> <span class='ocrx_word' id='word_1_207' title='bbox 1189 2824 1440 2885; x_wconf 87' lang='lat' dir='ltr'><strong>subinde</strong></span> <span class='ocrx_word' id='word_1_208' title='bbox 1466 2825 1615 2883; x_wconf 89' lang='lat' dir='ltr'><strong>mira</strong></span> <span class='ocrx_word' id='word_1_209' title='bbox 1639 2823 1989 2904; x_wconf 87' lang='lat' dir='ltr'><strong>pernicitate</strong></span> <span class='ocrx_word' id='word_1_210' title='bbox 2021 2822 2401 2884; x_wconf 85' lang='lat' dir='ltr'><strong>desiliebant:</strong></span> <span class='ocrx_word' id='word_1_211' title='bbox 2433 2824 2702 2905; x_wconf 87' lang='lat' dir='ltr'><strong>amphip-</strong></span> 
     </span>
     <span class='ocr_line' id='line_1_27' title="bbox 506 2918 2701 3001; baseline 0 -21"><span class='ocrx_word' id='word_1_212' title='bbox 506 2941 616 3001; x_wconf 88' lang='lat' dir='ltr'><strong>pos</strong></span> <span class='ocrx_word' id='word_1_213' title='bbox 639 2922 844 2980; x_wconf 84' lang='lat' dir='ltr'><strong>Graeci</strong></span> <span class='ocrx_word' id='word_1_214' title='bbox 873 2931 1108 2980; x_wconf 85' lang='lat' dir='ltr'><strong>vocant.</strong></span> <span class='ocrx_word' id='word_1_215' title='bbox 1195 2921 1355 2979; x_wconf 88' lang='lat' dir='ltr'><strong>Hinc</strong></span> <span class='ocrx_word' id='word_1_216' title='bbox 1385 2918 1711 2978; x_wconf 87' lang='lat' dir='ltr'><strong>desultoria</strong></span> <span class='ocrx_word' id='word_1_217' title='bbox 1757 2919 1969 2979; x_wconf 85' lang='lat' dir='ltr'><strong>levitas</strong></span> <span class='ocrx_word' id='word_1_218' title='bbox 2012 2919 2071 2979; x_wconf 91' lang='lat' dir='ltr'><strong>in</strong></span> <span class='ocrx_word' id='word_1_219' title='bbox 2120 2919 2489 2998; x_wconf 86' lang='lat' dir='ltr'><strong>proverbium</strong></span> <span class='ocrx_word' id='word_1_220' title='bbox 2516 2920 2701 2981; x_wconf 86' lang='lat' dir='ltr'><strong>abiit:</strong></span> 
     </span>
     <span class='ocr_line' id='line_1_28' title="bbox 507 3014 2254 3096; baseline -0.002 -19"><span class='ocrx_word' id='word_1_221' title='bbox 507 3029 570 3077; x_wconf 89' lang='lat' dir='ltr'><strong>et</strong></span> <span class='ocrx_word' id='word_1_222' title='bbox 593 3019 730 3096; x_wconf 91' lang='lat' dir='ltr'><strong>equi</strong></span> <span class='ocrx_word' id='word_1_223' title='bbox 759 3018 1063 3077; x_wconf 88' lang='lat' dir='ltr'><strong>desultorii</strong></span> <span class='ocrx_word' id='word_1_224' title='bbox 1093 3017 1255 3086; x_wconf 88' lang='lat' dir='ltr'><strong>dicti,</strong></span> <span class='ocrx_word' id='word_1_225' title='bbox 1286 3016 1363 3075; x_wconf 90' lang='lat' dir='ltr'><strong>ad</strong></span> <span class='ocrx_word' id='word_1_226' title='bbox 1392 3014 1451 3074; x_wconf 90' lang='lat' dir='ltr'><strong>id</strong></span> <span class='ocrx_word' id='word_1_227' title='bbox 1479 3025 1776 3074; x_wconf 86' lang='lat' dir='ltr'><strong>certamen</strong></span> <span class='ocrx_word' id='word_1_228' title='bbox 1807 3014 2254 3076; x_wconf 83' lang='lat' dir='ltr'><strong>accommodati.</strong></span> 
     </span>
    </p>

    <p class='ocr_par' dir='ltr' id='par_1_5' title="bbox 503 3110 2704 3386">
     <span class='ocr_line' id='line_1_29' title="bbox 587 3110 2701 3190; baseline 0.001 -18"><span class='ocrx_word' id='word_1_229' title='bbox 587 3114 826 3174; x_wconf 78' lang='lat' dir='ltr'><strong>Caletes</strong></span> <span class='ocrx_word' id='word_1_230' title='bbox 853 3123 913 3173; x_wconf 86' lang='lat' dir='ltr'><strong>et</strong></span> <span class='ocrx_word' id='word_1_231' title='bbox 937 3113 1339 3184; x_wconf 76' lang='lat' dir='ltr'><strong>celetizonteS,</strong></span> <span class='ocrx_word' id='word_1_232' title='bbox 1374 3110 1606 3190; x_wconf 83' lang='lat' dir='ltr'><strong>equites</strong></span> <span class='ocrx_word' id='word_1_233' title='bbox 1635 3118 1804 3171; x_wconf 88' lang='lat' dir='ltr'><strong>erant</strong></span> <span class='ocrx_word' id='word_1_234' title='bbox 1849 3112 1909 3171; x_wconf 91' lang='lat' dir='ltr'><strong>in</strong></span> <span class='ocrx_word' id='word_1_235' title='bbox 1954 3110 2287 3174; x_wconf 87' lang='lat' dir='ltr'><strong>Certamine</strong></span> <span class='ocrx_word' id='word_1_236' title='bbox 2327 3111 2533 3173; x_wconf 89' lang='lat' dir='ltr'><strong>Curuli</strong></span> <span class='ocrx_word' id='word_1_237' title='bbox 2579 3135 2701 3175; x_wconf 91' lang='lat' dir='ltr'><strong>non</strong></span> 
     </span>
     <span class='ocr_line' id='line_1_30' title="bbox 505 3206 2704 3290; baseline 0.001 -21"><span class='ocrx_word' id='word_1_238' title='bbox 505 3211 661 3290; x_wconf 84' lang='lat' dir='ltr'><strong>bigis</strong></span> <span class='ocrx_word' id='word_1_239' title='bbox 689 3219 792 3270; x_wconf 88' lang='lat' dir='ltr'><strong>aut</strong></span> <span class='ocrx_word' id='word_1_240' title='bbox 817 3208 1119 3288; x_wconf 80' lang='lat' dir='ltr'><strong>quadrigis</strong></span> <span class='ocrx_word' id='word_1_241' title='bbox 1149 3218 1406 3280; x_wconf 88' lang='lat' dir='ltr'><strong>utentes,</strong></span> <span class='ocrx_word' id='word_1_242' title='bbox 1458 3206 1567 3267; x_wconf 88' lang='lat' dir='ltr'><strong>sed</strong></span> <span class='ocrx_word' id='word_1_243' title='bbox 1612 3227 1766 3287; x_wconf 89' lang='lat' dir='ltr'><strong>equo</strong></span> <span class='ocrx_word' id='word_1_244' title='bbox 1792 3213 1913 3269; x_wconf 88' lang='lat' dir='ltr'><strong>uno</strong></span> <span class='ocrx_word' id='word_1_245' title='bbox 1957 3208 2325 3270; x_wconf 83' lang='lat' dir='ltr'><strong>insidentes:</strong></span> <span class='ocrx_word' id='word_1_246' title='bbox 2367 3210 2704 3290; x_wconf 85' lang='lat' dir='ltr'><strong>cujusmodi</strong></span> 
     </span>
     <span class='ocr_line' id='line_1_31' title="bbox 503 3305 2234 3386; baseline -0.001 -16"><span class='ocrx_word' id='word_1_247' title='bbox 503 3318 800 3370; x_wconf 85' lang='lat' dir='ltr'><strong>certamen</strong></span> <span class='ocrx_word' id='word_1_248' title='bbox 828 3305 1006 3367; x_wconf 87' lang='lat' dir='ltr'><strong>hodie</strong></span> <span class='ocrx_word' id='word_1_249' title='bbox 1033 3326 1268 3386; x_wconf 88' lang='lat' dir='ltr'><strong>quoque</strong></span> <span class='ocrx_word' id='word_1_250' title='bbox 1297 3305 1597 3367; x_wconf 78' lang='lat' dir='ltr'><strong>nonnullis</strong></span> <span class='ocrx_word' id='word_1_251' title='bbox 1624 3305 1685 3364; x_wconf 90' lang='lat' dir='ltr'><strong>in</strong></span> <span class='ocrx_word' id='word_1_252' title='bbox 1712 3307 1858 3367; x_wconf 90' lang='lat' dir='ltr'><strong>locis</strong></span> <span class='ocrx_word' id='word_1_253' title='bbox 1884 3307 2234 3368; x_wconf 89' lang='lat' dir='ltr'><strong>celebratur.</strong></span> 
     </span>
    </p>

    <p class='ocr_par' dir='ltr' id='par_1_6' title="bbox 502 3403 2702 4259">
     <span class='ocr_line' id='line_1_32' title="bbox 587 3403 2702 3484; baseline 0 -20"><span class='ocrx_word' id='word_1_254' title='bbox 587 3404 737 3465; x_wconf 83' lang='lat' dir='ltr'><strong>Ludi</strong></span> <span class='ocrx_word' id='word_1_255' title='bbox 765 3403 1095 3484; x_wconf 87' lang='lat' dir='ltr'><strong>gladiatorii</strong></span> <span class='ocrx_word' id='word_1_256' title='bbox 1122 3404 1465 3483; x_wconf 88' lang='lat' dir='ltr'><strong>plerumque</strong></span> <span class='ocrx_word' id='word_1_257' title='bbox 1493 3412 1634 3482; x_wconf 88' lang='lat' dir='ltr'><strong>post</strong></span> <span class='ocrx_word' id='word_1_258' title='bbox 1661 3404 1943 3463; x_wconf 88' lang='lat' dir='ltr'><strong>Scenicos</strong></span> <span class='ocrx_word' id='word_1_259' title='bbox 1970 3405 2214 3464; x_wconf 84' lang='lat' dir='ltr'><strong>fiebant.</strong></span> <span class='ocrx_word' id='word_1_260' title='bbox 2299 3404 2368 3463; x_wconf 92' lang='lat' dir='ltr'><strong>In</strong></span> <span class='ocrx_word' id='word_1_261' title='bbox 2398 3404 2468 3464; x_wconf 87' lang='lat' dir='ltr'><strong>iis</strong></span> <span class='ocrx_word' id='word_1_262' title='bbox 2498 3403 2702 3465; x_wconf 86' lang='lat' dir='ltr'><strong>decer-</strong></span> 
     </span>
     <span class='ocr_line' id='line_1_33' title="bbox 506 3496 2701 3581; baseline 0 -20"><span class='ocrx_word' id='word_1_263' title='bbox 506 3504 713 3562; x_wconf 68' lang='lat' dir='ltr'><strong>tabant</strong></span> <span class='ocrx_word' id='word_1_264' title='bbox 757 3500 993 3581; x_wconf 87' lang='lat' dir='ltr'><strong>gladiis,</strong></span> <span class='ocrx_word' id='word_1_265' title='bbox 1033 3499 1434 3581; x_wconf 87' lang='lat' dir='ltr'><strong>populumque</strong></span> <span class='ocrx_word' id='word_1_266' title='bbox 1478 3498 1655 3559; x_wconf 90' lang='lat' dir='ltr'><strong>celeri</strong></span> <span class='ocrx_word' id='word_1_267' title='bbox 1697 3499 2020 3578; x_wconf 87' lang='lat' dir='ltr'><strong>agitatione</strong></span> <span class='ocrx_word' id='word_1_268' title='bbox 2060 3499 2393 3579; x_wconf 88' lang='lat' dir='ltr'><strong>gladiorum</strong></span> <span class='ocrx_word' id='word_1_269' title='bbox 2434 3496 2701 3561; x_wconf 86' lang='lat' dir='ltr'><strong>oblecta-</strong></span> 
     </span>
     <span class='ocr_line' id='line_1_34' title="bbox 502 3596 2702 3676; baseline -0.001 -18"><span class='ocrx_word' id='word_1_270' title='bbox 502 3600 669 3658; x_wconf 90' lang='lat' dir='ltr'><strong>bant.</strong></span> <span class='ocrx_word' id='word_1_271' title='bbox 752 3597 1162 3658; x_wconf 88' lang='lat' dir='ltr'><strong>Gladiatorum</strong></span> <span class='ocrx_word' id='word_1_272' title='bbox 1213 3605 1409 3656; x_wconf 88' lang='lat' dir='ltr'><strong>autem</strong></span> <span class='ocrx_word' id='word_1_273' title='bbox 1457 3615 1695 3676; x_wconf 86' lang='lat' dir='ltr'><strong>genera,</strong></span> <span class='ocrx_word' id='word_1_274' title='bbox 1747 3597 2008 3666; x_wconf 88' lang='lat' dir='ltr'><strong>Retiarii,</strong></span> <span class='ocrx_word' id='word_1_275' title='bbox 2060 3599 2396 3670; x_wconf 85' lang='lat' dir='ltr'><strong>Secutores,</strong></span> <span class='ocrx_word' id='word_1_276' title='bbox 2447 3596 2702 3657; x_wconf 89' lang='lat' dir='ltr'><strong>Mirmil-</strong></span> 
     </span>
     <span class='ocr_line' id='line_1_35' title="bbox 504 3691 2702 3774; baseline -0.001 -20"><span class='ocrx_word' id='word_1_277' title='bbox 504 3695 695 3769; x_wconf 88' lang='lat' dir='ltr'><strong>lones,</strong></span> <span class='ocrx_word' id='word_1_278' title='bbox 724 3693 1140 3774; x_wconf 88' lang='lat' dir='ltr'><strong>Hoplomachi,</strong></span> <span class='ocrx_word' id='word_1_279' title='bbox 1169 3693 1425 3753; x_wconf 87' lang='lat' dir='ltr'><strong>Thraces</strong></span> <span class='ocrx_word' id='word_1_280' title='bbox 1449 3711 1463 3751; x_wconf 76' lang='lat' dir='ltr'><strong><em>z</em></strong></span> <span class='ocrx_word' id='word_1_281' title='bbox 1507 3711 1757 3771; x_wconf 88' lang='lat' dir='ltr'><strong>quorum</strong></span> <span class='ocrx_word' id='word_1_282' title='bbox 1784 3692 2053 3772; x_wconf 82' lang='lat' dir='ltr'><strong>exempla</strong></span> <span class='ocrx_word' id='word_1_283' title='bbox 2082 3691 2243 3773; x_wconf 91' lang='lat' dir='ltr'><strong>apud</strong></span> <span class='ocrx_word' id='word_1_284' title='bbox 2272 3703 2541 3756; x_wconf 86' lang='lat' dir='ltr'><strong>auctores</strong></span> <span class='ocrx_word' id='word_1_285' title='bbox 2573 3711 2702 3753; x_wconf 89' lang='lat' dir='ltr'><strong>cre-</strong></span> 
     </span>
     <span class='ocr_line' id='line_1_36' title="bbox 505 3789 2698 3868; baseline 0.001 -20"><span class='ocrx_word' id='word_1_286' title='bbox 505 3796 609 3852; x_wconf 76' lang='lat' dir='ltr'><strong>bra</strong></span> <span class='ocrx_word' id='word_1_287' title='bbox 661 3804 813 3853; x_wconf 71' lang='lat' dir='ltr'><strong>sunt.</strong></span> <span class='ocrx_word' id='word_1_288' title='bbox 913 3791 1141 3852; x_wconf 91' lang='lat' dir='ltr'><strong>Horum</strong></span> <span class='ocrx_word' id='word_1_289' title='bbox 1183 3789 1551 3851; x_wconf 83' lang='lat' dir='ltr'><strong>institutores</strong></span> <span class='ocrx_word' id='word_1_290' title='bbox 1601 3809 1672 3849; x_wconf 89' lang='lat' dir='ltr'><strong>ac</strong></span> <span class='ocrx_word' id='word_1_291' title='bbox 1714 3789 1979 3868; x_wconf 87' lang='lat' dir='ltr'><strong>magistri</strong></span> <span class='ocrx_word' id='word_1_292' title='bbox 2027 3789 2262 3849; x_wconf 90' lang='lat' dir='ltr'><strong>lanistae</strong></span> <span class='ocrx_word' id='word_1_293' title='bbox 2313 3791 2698 3850; x_wconf 86' lang='lat' dir='ltr'><strong>vocabantur.</strong></span> 
     </span>
     <span class='ocr_line' id='line_1_37' title="bbox 513 3885 2702 3968; baseline 0.001 -24"><span class='ocrx_word' id='word_1_294' title='bbox 513 3892 641 3948; x_wconf 63' lang='lat' dir='ltr'><strong>Nan</strong></span> <span class='ocrx_word' id='word_1_295' title='bbox 673 3892 822 3948; x_wconf 74' lang='lat' dir='ltr'><strong>euim</strong></span> <span class='ocrx_word' id='word_1_296' title='bbox 873 3888 1062 3967; x_wconf 89' lang='lat' dir='ltr'><strong>ignari</strong></span> <span class='ocrx_word' id='word_1_297' title='bbox 1110 3888 1476 3968; x_wconf 83' lang='lat' dir='ltr'><strong>gladiatoriae</strong></span> <span class='ocrx_word' id='word_1_298' title='bbox 1517 3887 1660 3947; x_wconf 87' lang='lat' dir='ltr'><strong>artis</strong></span> <span class='ocrx_word' id='word_1_299' title='bbox 1703 3887 2021 3966; x_wconf 90' lang='lat' dir='ltr'><strong>prodibant</strong></span> <span class='ocrx_word' id='word_1_300' title='bbox 2046 3887 2107 3945; x_wconf 91' lang='lat' dir='ltr'><strong>in</strong></span> <span class='ocrx_word' id='word_1_301' title='bbox 2138 3885 2434 3966; x_wconf 88' lang='lat' dir='ltr'><strong>publicum</strong></span> <span class='ocrx_word' id='word_1_302' title='bbox 2464 3895 2702 3966; x_wconf 87' lang='lat' dir='ltr'><strong>specta·</strong></span> 
     </span>
     <span class='ocr_line' id='line_1_38' title="bbox 505 3982 2698 4064; baseline -0.001 -20"><span class='ocrx_word' id='word_1_303' title='bbox 505 3988 721 4052; x_wconf 67' lang='lat' dir='ltr'><strong>culum,</strong></span> <span class='ocrx_word' id='word_1_304' title='bbox 769 3983 844 4044; x_wconf 82' lang='lat' dir='ltr'><strong>ad</strong></span> <span class='ocrx_word' id='word_1_305' title='bbox 893 3985 1134 4062; x_wconf 86' lang='lat' dir='ltr'><strong>praemia</strong></span> <span class='ocrx_word' id='word_1_306' title='bbox 1161 3983 1601 4064; x_wconf 87' lang='lat' dir='ltr'><strong>consequenda.</strong></span> <span class='ocrx_word' id='word_1_307' title='bbox 1693 3984 1904 4062; x_wconf 91' lang='lat' dir='ltr'><strong>Itaque</strong></span> <span class='ocrx_word' id='word_1_308' title='bbox 1934 3982 2094 4062; x_wconf 91' lang='lat' dir='ltr'><strong>apud</strong></span> <span class='ocrx_word' id='word_1_309' title='bbox 2122 3982 2373 4042; x_wconf 88' lang='lat' dir='ltr'><strong>lanistas</strong></span> <span class='ocrx_word' id='word_1_310' title='bbox 2401 3982 2571 4061; x_wconf 84' lang='lat' dir='ltr'><strong>prius</strong></span> <span class='ocrx_word' id='word_1_311' title='bbox 2594 4001 2698 4041; x_wconf 87' lang='lat' dir='ltr'><strong>ex-</strong></span> 
     </span>
     <span class='ocr_line' id='line_1_39' title="bbox 509 4078 2702 4159; baseline -0.001 -19"><span class='ocrx_word' id='word_1_312' title='bbox 509 4084 853 4140; x_wconf 67' lang='lat' dir='ltr'><strong>ercebantur</strong></span> <span class='ocrx_word' id='word_1_313' title='bbox 878 4081 937 4139; x_wconf 90' lang='lat' dir='ltr'><strong>in</strong></span> <span class='ocrx_word' id='word_1_314' title='bbox 968 4081 1371 4142; x_wconf 86' lang='lat' dir='ltr'><strong>umbratilibus</strong></span> <span class='ocrx_word' id='word_1_315' title='bbox 1415 4080 1656 4159; x_wconf 91' lang='lat' dir='ltr'><strong>pugnis,</strong></span> <span class='ocrx_word' id='word_1_316' title='bbox 1700 4098 1849 4157; x_wconf 85' lang='lat' dir='ltr'><strong>quas</strong></span> <span class='ocrx_word' id='word_1_317' title='bbox 1880 4078 2266 4140; x_wconf 82' lang='lat' dir='ltr'><strong>sciamacbias</strong></span> <span class='ocrx_word' id='word_1_318' title='bbox 2296 4078 2493 4139; x_wconf 87' lang='lat' dir='ltr'><strong>Graeci</strong></span> <span class='ocrx_word' id='word_1_319' title='bbox 2521 4097 2702 4140; x_wconf 79' lang='lat' dir='ltr'><strong>voca-</strong></span> 
     </span>
     <span class='ocr_line' id='line_1_40' title="bbox 509 4174 2698 4259; baseline 0.001 -27"><span class='ocrx_word' id='word_1_320' title='bbox 509 4192 669 4236; x_wconf 65' lang='lat' dir='ltr'><strong>runt:</strong></span> <span class='ocrx_word' id='word_1_321' title='bbox 702 4175 859 4256; x_wconf 73' lang='lat' dir='ltr'><strong>quod</strong></span> <span class='ocrx_word' id='word_1_322' title='bbox 890 4174 1226 4254; x_wconf 86' lang='lat' dir='ltr'><strong>hujusmodi</strong></span> <span class='ocrx_word' id='word_1_323' title='bbox 1255 4197 1474 4259; x_wconf 88' lang='lat' dir='ltr'><strong>pugnae</strong></span> <span class='ocrx_word' id='word_1_324' title='bbox 1505 4175 1817 4237; x_wconf 88' lang='lat' dir='ltr'><strong>simulacra</strong></span> <span class='ocrx_word' id='word_1_325' title='bbox 1846 4179 1956 4237; x_wconf 75' lang='lat' dir='ltr'><strong>‘sub</strong></span> <span class='ocrx_word' id='word_1_326' title='bbox 1978 4187 2133 4238; x_wconf 89' lang='lat' dir='ltr'><strong>tecto</strong></span> <span class='ocrx_word' id='word_1_327' title='bbox 2154 4177 2279 4236; x_wconf 85' lang='lat' dir='ltr'><strong>fieri</strong></span> <span class='ocrx_word' id='word_1_328' title='bbox 2308 4176 2481 4236; x_wconf 83' lang='lat' dir='ltr'><strong>solita</strong></span> <span class='ocrx_word' id='word_1_329' title='bbox 2508 4184 2698 4247; x_wconf 84' lang='lat' dir='ltr'><strong>erant,</strong></span> 
     </span>
    </p>
   </div>
  </div>
 </body>
</html>
