3050 4942
526 386 661 456 832
1275 406 1338 454 Ρ.
1384 399 1752 453 TEREN'ru
1801 399 1979 452 Arm

530 550 689 615 MY.
715 549 824 615 Tu
855 551 1073 615 nescis
1094 553 1125 615 ‘l
1216 551 1362 617 DA.
1396 550 1596 615 Mitte
1622 549 1714 628 id,
1747 549 1926 633 quod
1950 548 2138 613 seio:
2170 545 2305 623 dic,
2337 543 2517 629 quod
2540 566 2726 629 rogo.

533 651 691 718 ΜΥ.
722 652 976 718 Vestri.
1022 652 1164 717 DA.
1196 654 1406 738 Cujus
1433 654 1692 719 vestri‘l
1740 651 1898 717 ΜΥ.
1931 649 2291 735 Pamphili.
2339 649 2484 714 DA.
2516 649 2727 715 Hem!

793 754 1004 837 quid‘l
1052 754 1384 838 Pamphili
1406 757 1438 820 ‘l
2638 751 2727 816 26

532 857 690 922 MY.
743 858 917 935 Eho,
967 875 1186 921 annon
1234 859 1388 921 est‘l
1480 855 1617 921 CH.
1673 856 1892 922 Recte
1935 876 2059 939 ego
2107 874 2369 939 semper
2413 853 2559 936 fugi
2602 855 2727 921 has

788 959 1081 1043 nuptias·

534 1062 676 1126 DA.
723 1060 782 1124 Ο
814 1061 1076 1125 facinus
1108 1059 1805 1126 animadvertendum!
1894 1060 2050 1124 MY.
2096 1059 2282 1140 Quid
2312 1061 2614 1124 clamitas
2634 1059 2665 1121 't

533 1166 677 1229 DA.
723 1163 1029 1242 Quemne
1058 1182 1184 1245 ego
1213 1161 1353 1226 heri
1381 1163 1519 1227 vidi
1548 1162 1633 1227 ad
1660 1181 1781 1227 vos
1811 1162 2028 1227 afferri
2053 1163 2314 1245 vesperi
2336 1163 2366 1224 ‘l

539 1266 697 1331 MY.
727 1264 789 1329 Ο
821 1266 1151 1328 hominem
1180 1264 1542 1330 audacem!
1630 1267 1776 1331 DA.
1807 1264 2062 1330 Verum
2089 1286 2106 1329 z
2152 1265 2289 1331 vidi
2320 1263 2730 1329 Cantharam

536 1368 1069 1433 Suffarcinatam.
1161 1367 1315 1432 ΜΥ.
1361 1368 1492 1435 Dis
1522 1371 1641 1453 pol
1667 1369 1889 1433 habeo
1919 1369 2188 1449 gratias»,
2642 1366 2730 1430 31

534 1586 718 1650 idquod
738 1589 863 1637 scio.-
897 1587 975 1637 dic
995 1589 1118 1652 quod
1135 1602 1310 1650 (μιαν-ο.
1376 1589 1498 1637 Μγ.
1542 1587 1717 1638 Vestri.
1784 1587 1896 1638 Da.
1922 1587 2070 1649 Cujus
2089 1587 2268 1637 vestri?
2331 1587 2453 1636 MY.
2477 1585 2736 1649 Pamphili.

536 1653 649 1701 DA.
684 1654 829 1717 Hem,
851 1654 964 1716 quid
981 1653 1072 1714 ais,
1096 1652 1371 1717 Pamphili?
1436 1654 1560 1703 MY.
1598 1655 1719 1715 Eho,
1738 1668 1801 1702 aa
1820 1668 1913 1702 non
1932 1659 2036 1704 est?
2102 1654 2210 1702 Cn.
2248 1652 2426 1702 Merito
2447 1666 2631 1714 semper
2646 1664 2734 1713 ego

535 1717 622 1766 has
639 1717 794 1767 vitare
814 1718 940 1767 volui
959 1719 1167 1782 nuptias.
1235 1719 1343 1767 DA.
1382 1719 1427 1766 Ο
1448 1717 1644 1777 facinus
1662 1720 1949 1782 puniendum
1966 1718 1992 1768 Ι
2054 1719 2178 1767 ΜΥ.
2216 1719 2315 1766 Car
2334 1719 2451 1766 odeo
2468 1719 2699 1766 exclamas
2713 1721 2738 1763 ?

538 1781 647 1830 DA.
684 1783 814 1831 Tune
834 1783 955 1832 hunc
971 1798 1168 1846 puerum
1187 1783 1309 1832 dicis
1327 1797 1423 1832 esse
1447 1783 1701 1845 Pamphili,
1722 1798 1855 1847 quem
1874 1798 1963 1845 ego
1982 1783 2088 1832 lteri
2113 1782 2213 1830 vidi
2246 1783 2309 1831 ad
2342 1795 2425 1829 eos
2454 1780 2625 1844 afferri
2653 1779 2740 1829 sub

536 1861 772 1906 vesperam
789 1847 815 1898 ’.Ῐ
881 1848 1002 1901 ΜῩ.
1042 1848 1087 1895 Ο
1111 1848 1342 1897 hominem
1362 1848 1674 1910 impudentem
1692 1846 1717 1898 Ι
1784 1849 1892 1898 ΒΑ.
1935 1847 2106 1898 Verum
2128 1852 2215 1896 est.
2290 1845 2406 1896 Vidi
2444 1846 2738 1894 Cantharam

537 1912 726 1961 sarcina
745 1917 1008 1963 oneratam.
1074 1914 1192 1963 MY.
1227 1912 1344 1963 Diis
1357 1913 1437 1976 pol
1456 1911 1600 1961 habeo
1615 1912 1804 1974 gratias
1817 1927 1836 1970 ,-
1851 1911 2233 1976 quandoquidem
2265 1910 2479 1974 parienti
2516 1911 2738 1974 Glycerio

536 2174 632 2223 Br.
671 2180 727 2224 et
772 2175 927 2223 Bent.
955 2174 1015 2225 Z.
1036 2174 1191 2224 Both.
1211 2173 1487 2223 Perl.——25
1524 2174 1655 2223 Post
1672 2172 1690 2202 ‘
1707 2171 1894 2223 nescis’
1918 2173 2087 2236 glossa
2120 2173 2172 2221 in
2195 2173 2285 2222 Br.
2306 2177 2456 2221 notat
2472 2187 2488 2219 ε
2514 2171 2533 2198 ⁴
2552 2170 2652 2219 Vel
2683 2184 2699 2226 ς
2720 2167 2741 2192 ’

543 2239 580 2288 i.
627 2252 673 2286 e.
712 2238 902 2303 absque
967 2238 1524 2301 interrogatione—26
1580 2239 1823 2288 Varietas
1863 2237 2131 2288 Librorum
2173 2239 2296 2287 lect.
2340 2235 2471 2287 facit
2512 2235 2740 2285 dubiam.

541 2302 786 2351 Omnium
826 2302 1164 2368 antiquissimi
1201 2317 1266 2350 ex
1302 2302 1457 2351 editis
1480 2302 1692 2364 habeut,
1730 2309 1789 2353 ut
1811 2302 2039 2353 exhibui.
2103 2301 2253 2352 Lind.
2292 2301 2519 2365 aliique:
2557 2296 2741 2362 cnjus?

537 2364 737 2417 nostri?
775 2367 968 2416 Rursus
1014 2367 1102 2416 alii
1140 2366 1294 2416 unica
1322 2366 1765 2430 interrogatione:
1822 2366 1969 2428 Cuius
2007 2364 2205 2418 nostri?
2238 2365 2303 2415 In
2346 2366 2426 2414 his
2458 2372 2543 2415 est
2585 2364 2740 2415 Bodl.

545 2431 694 2481 West.
760 2430 886 2480 Par.
930 2428 1114 2492 Cuius?
1162 2428 1356 2482 nonii?
1407 2430 1513 2480 Sed
1557 2432 1721 2495 magis
1754 2432 1999 2482 convenit
2054 2430 2203 2492 Cuius
2233 2428 2427 2481 nostri?
2460 2430 2606 2479 Perl.
2650 2429 2743 2494 qui

537 2494 637 2544 hoc
690 2495 784 2544 dat
839 2511 957 2545 cum
999 2498 1091 2546 Br.
1134 2496 1291 2545 Bent.
1336 2496 1494 2545 Both.
1561 2495 1728 2546 Dedit
1762 2498 1823 2547 Z.
1869 2495 2063 2558 cnjus?
2106 2496 2259 2546 nostri
2274 2493 2428 2546 :1-27
2464 2493 2741 2547 Quomodo

537 2573 721 2624 smper
762 2560 916 2625 fugit,
952 2561 1040 2626 qui
1079 2574 1119 2610 1.
1152 2566 1200 2611 1.
1245 2564 1326 2611 73.
1373 2561 1509 2610 ultro
1549 2561 1614 2610 ad
1638 2562 1899 2612 Simonem
1938 2561 2116 2611 venit?
2148 2574 2341 2624 repone
2364 2561 2528 2624 igitur
2560 2572 2739 2621 nempe.

540 2624 752 2675 Deinde
795 2624 935 2675 ‘has’
957 2639 1094 2690 pone
1117 2632 1239 2676 ante
1278 2623 1447 2689 ‘fngi,’
1481 2618 1793 2676 auctoritate
1833 2627 1984 2675 unius
2025 2625 2238 2676 codicis.
2273 2626 2422 2675 Beut.
2496 2624 2604 2673 Has
2620 2623 2742 2685 sug-i

538 2832 706 2883 peram
730 2790 907 2869 Guelf.
923 2823 971 2869 3.
997 2791 1218 2880 Perferri
1239 2788 1414 2883 legere
1434 2792 1539 2870 Gn:
1560 2770 1777 2870 lqunomt
1802 2791 2091 2870 Batia—so
2126 2821 2317 2869 Petrus
2342 2818 2579 2868 Nannius
2614 2817 2743 2866 Mis-

543 2884 661 2933 cell.
685 2884 773 2933 lib.
808 2898 847 2935 1.
881 2899 949 2934 ex
983 2886 1290 2948 conjectura
1313 2885 1460 2947 legit,
1502 2886 1780 2934 cantharum
1815 2883 2208 2949 Suffarcinutum,
2231 2884 2528 2947 intelligens
2562 2879 2744 2946 χύτραν

544 2961 637 2997 seu
659 2947 822 2997 fictile
856 2964 966 3011 vas,
1001 2949 1290 3011 cujusmodi
1314 2948 1536 2998 Athenis
1571 2950 1622 2998 iu
1652 2949 1973 3013 exponendis
2013 2949 2188 3012 pneris
2226 2947 2385 2997 fuisse
2431 2949 2641 3009 usitata,
2663 2961 2742 2995 -ex

546 3010 851 3074 Aristotele,
872 3012 1204 3072 Callimacho,
1225 3019 1281 3061 et
1303 3011 1651 3077 Aristophane
1676 3014 1914 3063 observat
1936 3013 2240 3065 Farnabius.
2305 3011 2371 3061 In
2394 3011 2579 3063 eadem
2616 3025 2739 3061 vero

543 3090 647 3139 qua
672 3076 910 3126 Nunnius
946 3078 1203 3126 sententia
1239 3075 1400 3126 fuisse
1437 3080 1631 3140 plures,
1671 3093 1737 3127 ex
1777 3078 1941 3129 tribus
1977 3077 2161 3128 Leidd.
2186 3085 2427 3141 apparet,
2448 3078 2503 3126 in
2526 3090 2739 3140 quornm

544 3153 646 3188 uno
670 3141 787 3190 voci
808 3141 1084 3190 cantharam
1121 3141 1548 3205 suprascriptum,
1580 3142 1672 3192 sed
1718 3143 1820 3192 alia
1841 3157 2015 3206 manu,
2040 3142 2313 3192 ‘chorbem
2334 3141 2367 3202 ;'
2400 3143 2454 3191 in
2493 3141 2741 3204 seeundo,

541 3206 558 3233 ‘
575 3204 783 3254 corbem
802 3205 836 3266 ;’
860 3205 912 3253 in
938 3205 1113 3268 tertio,
1129 3209 1143 3234 ‘
1165 3205 1373 3255 corbem
1397 3206 1672 3257 honustum
1686 3207 1752 3257 de
1776 3207 1974 3271 puero.’
2006 3205 2203 3259 Ansam
2228 3205 2375 3256 dedit
2391 3205 2738 3270 Eographius.

542 3268 678 3319 Mihi
701 3268 753 3318 id
782 3269 1128 3320 duriusculum
1152 3270 1374 3321 videtur.
1444 3272 1511 3320 Et
1548 3272 1727 3327 obstat
1766 3286 2047 3323 consensus
2069 3274 2373 3336 Msstornm,
2396 3285 2613 3336 quorum
2630 3271 2740 3320 nul-

542 3333 650 3383 lum
674 3348 899 3401 unquam
921 3333 1052 3384 vidit
1082 3335 1337 3398 Nannins,
1353 3334 1467 3399 ipso
1491 3343 1645 3399 teste,
1670 3337 1898 3387 Miscell.
1921 3336 2013 3387 lib.
2035 3351 2102 3386 11.
2139 3350 2253 3399 cap.
2273 3340 2327 3385 6.
2392 3336 2562 3386 Video
2586 3333 2736 3384 Lind.

543 3398 798 3451 accedere
820 3399 886 3449 ad
911 3399 1221 3449 sententiam
1246 3400 1459 3451 Nannii.
1497 3400 1650 3453 West.
1716 3401 1886 3452 Recte
1924 3416 1956 3451 a
1987 3402 2150 3451 West.
2172 3400 2480 3464 repudiatur
2505 3400 2639 3450 ratio
2670 3399 2734 3448 P.

543 3462 757 3515 Nannii.
781 3464 931 3515 Zeun.
1006 3464 1205 3515 Verum.-
1236 3467 1338 3516 vidi
1380 3468 1440 3517 C.
1506 3466 1592 3516 Ita
1614 3481 1731 3516 cum
1755 3467 1914 3516 Bent.
1933 3467 2101 3516 West.
2122 3465 2355 3516 distinxi.
2423 3465 2596 3514 Prare
2620 3477 2734 3513 con·

545 3528 754 3579 tinuant
777 3529 929 3579 Lind.
951 3529 1079 3578 Par.
1102 3543 1217 3579 cum
1242 3544 1388 3596 seqq.
1461 3529 1637 3581 Verum
1677 3530 1796 3580 vidi.
1831 3530 1973 3580 Perl.
2039 3530 2183 3581 Hanc
2222 3535 2343 3594 post
2366 3530 2544 3580 Canto.
2580 3529 2734 3578 habet

544 3592 768 3643 Bn—:n
804 3594 927 3643 Duo
950 3607 981 3643 e
1017 3595 1206 3644 nostris
1226 3597 1475 3656 gratiam3
1506 3601 1668 3645 recte.
1700 3595 1849 3645 Bent.
1917 3596 2075 3644 Bent.
2100 3600 2243 3644 recte
2281 3593 2452 3644 edidit
2483 3594 2690 3655 gratiam
2710 3607 2731 3650 ,-

545 3671 664 3706 nam
698 3658 797 3709 hoc
830 3665 913 3708 est
952 3671 1019 3707 ex
1058 3673 1201 3709 more
1226 3659 1568 3709 Comicorum.
1595 3660 1659 3710 R.
1680 3659 1751 3711 D.
1819 3659 1992 3722 Vulgo
2020 3660 2228 3721 gratias,
2262 3657 2548 3722 refraganti
2571 3658 2643 3706 B:
2678 3661 2730 3704 et

545 3722 823 3774 verisimile
851 3731 933 3775 est
968 3722 1301 3774 obliteratam
1339 3723 1502 3775 fuisse
1522 3722 1744 3774 formam
1765 3723 2173 3777 insolentiorem.
2204 3723 2355 3775 Both.
2395 3724 2484 3788 qui
2517 3723 2730 3784 datgre-

611 3961 675 4006 25
713 3957 864 4006 Mitte
895 3958 968 4020 id,
995 3959 1119 4022 quod
1149 3955 1269 4022 scio]
1304 3955 1438 4007 Haec
1471 3968 1605 4006 sum·
1684 3954 1787 4005 illis
1810 3955 2030 4019 gratiam
2047 3969 2079 4003 a
2100 3953 2284 4020 quibus
2305 3952 2532 4005 fatemur
2549 3951 2725 4006 benefi-

549 4035 705 4084 misse
727 4033 879 4084 etiam
903 4034 1050 4084 dicit.
1683 4031 1822 4082 cium
1858 4032 2139 4096 accepisse,
2159 4046 2258 4082 nec
2296 4044 2451 4095 posse
2492 4030 2613 4080 illud
2650 4044 2726 4079 re-

611 4113 680 4158 26
715 4109 860 4170 Caius
889 4111 1060 4175 vestri]
1107 4109 1238 4161 Vult
1279 4108 1403 4159 data
1442 4122 1608 4173 opera
1681 4105 1856 4159 ferre:
1891 4109 2011 4158 Diis
2047 4120 2171 4158 vero
2210 4108 2361 4173 dixit,
2391 4108 2589 4159 ‘liabeo
2619 4121 2720 4172 gra·

551 4184 879 4248 Pamphilum
898 4184 1167 4234 nominari.
1684 4185 1821 4252 tias‚'
1842 4200 1969 4252 quas
1990 4184 2067 4236 llis
2091 4184 2312 4236 reddere
2332 4185 2527 4251 nequit.

617 4264 679 4311 31
715 4260 810 4309 Dis
824 4259 905 4324 pol
926 4260 1070 4311 habeo
1095 4260 1306 4326 granu]
1337 4259 1605 4311 Habemus
