3050 4942
1129 377 1226 427 ns
1272 377 1647 427 'rnssA'rRo-
2401 362 2491 429 63

290 517 469 578 Ludis
508 519 806 579 observari
855 518 1146 592 solebant,
1190 532 1394 581 exacte
1437 529 1659 581 teneat.
1742 521 1833 580 Ita
1859 508 1980 592 fiet,
2010 530 2077 581 ut
2102 532 2313 601 postea
2339 521 2482 582 nihil

288 626 499 694 praeter
516 626 838 677 metrorum
864 617 1151 678 rationem
1177 637 1251 678 ac
1273 638 1549 679 versuum
1576 638 1882 678 mensuras
1907 618 2238 679 desiderare
2259 621 2482 700 possit:

289 733 439 792 quas
467 713 740 774 nimirum
769 734 841 775 ex
867 715 1242 788 TerentianO,
1265 716 1539 776 omnium
1585 716 1924 776 Latinorum
1974 717 2485 795 grammaticorum

289 810 642 883 cultissimo,
688 820 753 871 et
789 811 848 869 in
896 811 1010 872 hac
1058 833 1121 873 re
1165 814 1484 893 plurimum
1527 815 1868 885 exercitato,
1916 814 2222 874 desumere
2269 813 2487 875 licebit.

280 907 404 967 ·Hic
431 906 636 987 itaque
658 907 805 968 libet
839 907 1300 971 adolescentulis
1329 912 1613 971 bonarum
1660 910 1955 971 literarum
1987 909 2269 969 studiosis
2297 910 2487 971 brevi-

288 1014 375 1063 ter
403 1024 770 1084 proponere:
797 1005 1087 1084 primum,
1133 1005 1294 1066 unde
1341 1016 1484 1069 nata
1534 1007 1613 1066 sit
1658 1006 1988 1079 Comoedia,
2031 1024 2268 1085 quoque
2310 1017 2496 1085 pacto-

291 1109 427 1161 ante
458 1102 898 1163 comoediarum
929 1123 1101 1163 usum
1130 1104 1356 1182 antiqui
1383 1104 1578 1182 po‘eltoe
1603 1102 1883 1163 luserint:
1927 1102 2142 1163 deinde
2160 1121 2319 1176 ver0,
2341 1122 2489 1182 quo-

289 1197 467 1257 modo
497 1198 824 1259 Comoedia>
874 1199 971 1279 agi
1020 1218 1091 1260 ac
1138 1198 1501 1280 pronuntiari
1553 1200 1743 1260 solitae
1790 1199 2027 1273 fuerint,
2076 1208 2143 1259 ut
2169 1199 2309 1279 quid
2341 1199 2489 1260 Ludi

292 1295 429 1368 siut,
454 1296 603 1376 quid
655 1297 930 1370 Theatra,
979 1298 1211 1370 Scenae,
1258 1298 1466 1368 Actus,
1511 1296 1814 1371 Personae,
1864 1307 1925 1358 et
1950 1297 2011 1356 id
2042 1316 2228 1377 genus
2273 1306 2488 1370 cetera,

291 1392 463 1452 facile
507 1384 894 1472 intelligatur.
979 1392 1157 1461 Quod
1208 1394 1359 1474 opus
1407 1394 1550 1454 dum
1589 1394 1988 1473 aggredimur,
2036 1393 2268 1455 facilem
2311 1406 2491 1473 atque

293 1498 584 1550 attentum
632 1490 908 1550 lectorem
959 1510 1091 1551 esse
1141 1491 1431 1569 cupimuS,
1479 1500 1548 1550 ut
1592 1489 1835 1551 tandem
1881 1491 2193 1571 intelligat,
2242 1490 2385 1571 quid
2415 1490 2494 1551 sit

294 1585 541 1662 Fabula,
571 1588 907 1668 Tragoedia,
936 1587 1243 1649 Comoedia
1271 1589 1482 1662 Vetus,
1512 1589 1746 1671 Satyra,
1775 1598 1837 1648 et
1860 1589 2033 1649 Nova
2061 1587 2385 1649 Comoedia.

622 1767 826 1838 Qun)
893 1738 1234 1842 ΡΑΒῑρτιΑ,
1299 1768 1772 1841 TRAGOEDIA,
1835 1768 2175 1843 εΑΤΥΒΑ,

819 1866 1234 1925 COMOEDIA
1272 1865 1537 1936 VETUS
1581 1866 1682 1925 ET
1726 1866 1971 1927 NOVA.

375 1979 607 2041 Fabula
646 1979 922 2059 generale
970 1999 1185 2039 nomen
1233 1987 1347 2052 est,
1389 1979 1785 2058 Tragoediam,
1836 1978 2110 2052 Satiram,
2154 1986 2216 2039 et
2260 1977 2496 2039 Comoe-

297 2077 453 2139 diam
484 2072 545 2136 i'n
576 2097 641 2137 se
664 2077 1089 2156 complectens.
1152 2078 1376 2158 Estque
1401 2076 1630 2138 Fabula
1648 2077 1904 2138 narratio
1925 2075 2199 2156 quaedam
2220 2077 2497 2150 conficta,

298 2184 356 2234 et
380 2173 730 2234 demissiore
758 2174 1104 2254 plerumque
1150 2174 1306 2254 stylo
1357 2193 1430 2234 ac
1475 2174 1745 2234 versibus
1794 2175 2133 2253 conscripta
2181 2173 2259 2233 ad
2297 2173 2499 2233 oblec-

299 2272 582 2355 tationem
611 2270 966 2335 auditorum.
1053 2270 1228 2331 Unde
1275 2270 1449 2331 etiam
1480 2270 1769 2331 Poemata
1816 2270 1968 2331 inter
1996 2269 2256 2331 Fabulas
2286 2289 2323 2330 a
2348 2289 2507 2329 non·,

299 2368 476 2429 nullis
505 2377 1044 2429 connumerantur:
1094 2379 1452 2450 quapropter
1479 2367 1837 2447 quibusdam
1878 2368 2040 2429 visus
2070 2377 2166 2429 est
2203 2367 2497 2427 Homerus

300 2464 545 2527 Iliadem
615 2467 802 2526 instar
861 2465 1217 2545 Tragoedias,
1287 2465 1620 2547 Odysseam
1679 2465 1756 2527 ad
1799 2466 2117 2547 imaginem
2173 2462 2498 2527 Comoediae

302 2562 746 2644 conscripsisse.

377 2659 699 2740 Tragoedia
726 2671 923 2720 autem
955 2659 1182 2720 Fabula
1209 2668 1322 2733 est,
1351 2679 1471 2739 qua
1498 2659 1725 2740 antiqui
1759 2658 2292 2739 reprehendebant,
2334 2646 2508 2737 quod*

302 2755 359 2814 in
387 2757 568 2816 rebus
596 2774 718 2816 non
745 2756 933 2816 solum
963 2755 1207 2835 privatis
1238 2774 1307 2815 ac
1337 2754 1631 2827 civilibus,
1674 2755 1781 2815 sed
1807 2755 2058 2815 maxime
2102 2753 2303 2814 arduis
2332 2765 2391 2814 et
2421 2752 2502 2812 ad
2591 2792 2596 2797 -

302 2852 597 2934 principes
646 2854 1026 2916 attinentibus
1075 2853 1268 2913 minus
1310 2862 1544 2913 rectum
1595 2852 1921 2913 videbatur.
2033 2851 2103 2909 In
2156 2870 2229 2911 ea
2254 2875 2258 2878 ’
2282 2850 2503 2910 scenici

305 2971 565 3024 amurca,
589 2962 649 3012 et
670 2952 782 3012 olei
806 2951 1050 3013 faecibus
1071 2956 1250 3032 (quas
1271 2952 1468 3012 Graeci
1496 2952 1703 3032 τρῦγαε
1725 2950 1966 3026 vocant)
1992 2947 2358 3030 perlinebant
2377 2966 2501 3018 ora,

307 3058 443 3107 ante
490 3067 1145 3129 usum-personarum:
1209 3048 1370 3108 unde
1418 3047 1751 3128 Tragoedioe
1797 3066 2034 3107 nomen.
2132 3045 2276 3125 Ejus
2324 3063 2504 3124 grave

309 3155 718 3223 argumentum
765 3146 894 3219 suit,
942 3147 1187 3225 petitum
1236 3165 1395 3226 saepe
1425 3146 1499 3206 ab
1530 3145 1811 3207 historica
1857 3144 2005 3205 fide:
2049 3142 2231 3204 dictio
2279 3160 2503 3216 severa,

311 3241 602 3315 sublimis,
631 3261 790 3322 saepe
820 3243 1078 3302 tumida:
1121 3244 1444 3323 tranquilla
1472 3244 1681 3323 prima,
1710 3242 1903 3303 exitus
1932 3241 2175 3302 funesti.

386 3337 540 3403 Post
585 3330 958 3418 Tr'agoediam
1000 3338 1242 3411 inventa
1290 3339 1622 3412 Comoedia,
1667 3359 1803 3419 quse
1831 3338 2028 3424 Vetus⁸
2069 3338 2232 3399 dicta
2271 3350 2401 3400 est:
2443 3341 2504 3399 in

309 3455 427 3516 qua
451 3439 547 3514 (ut
572 3435 631 3494 in
660 3435 973 3515 Tragoedia
1000 3439 1264 3516 quoque)
1292 3435 1539 3515 simplex
1589 3454 1823 3497 carmen
1863 3437 2012 3496 fuit:
2074 3436 2239 3516 quod
2266 3457 2506 3498 carmen

310 3533 531 3593 chorus
554 3531 713 3593 circa
738 3550 869 3592 aras
897 3532 1194 3592 fumantes
1225 3551 1384 3592 nunc
1416 3531 1728 3612 spatiatus,
1777 3552 1938 3593 nunc
1968 3533 2272 3593 revolvens
2299 3553 2506 3614 gyros,

310 3649 446 3690 cum
496 3628 738 3690 tibicine
777 3630 1161 3690 concinebat:
1205 3639 1448 3710 eratque
1498 3631 1684 3709 primo
1732 3648 1854 3689 una
1881 3647 2136 3709 persona
2165 3632 2506 3690 cantoribus

312 3727 653 3799 substituta,
682 3746 838 3806 quoe,
864 3726 1230 3808 respondens
1262 3728 1502 3788 alteruis
1541 3727 1743 3799 choro,
1789 3727 2191 3807 locupletabat
2217 3726 2509 3785 variabat-

312 3842 429 3901 que
470 3843 594 3884 rem
638 3824 944 3884 musicam.
1027 3822 1261 3883 Chorus
1311 3833 1507 3884 autem
1558 3823 1617 3881 in
1662 3822 1995 3902 Tragoedia,
2048 3832 2153 3882 aut
2201 3821 2511 3883 Comoedia

313 3920 550 3994 Vetere,
591 3919 897 3981 dicebatur
946 3920 1281 3982 multitudo.
1301 3939 1631 3981 coaevorum
1664 3920 1973 3999 juvenum,
2001 3928 2106 3979 aut
2131 3919 2418 3981 minorum
2448 3920 2508 3979 in

319 4016 523 4090 sacris„
552 4016 647 4077 vel
676 4036 875 4090 scena,
904 4019 1272 4077 cantantium
1302 4026 1478 4097 atque
1510 4016 1869 4078 saltantium.

399 4114 540 4173 Fuit
565 4114 754 4173 Vetus
786 4112 1094 4174 Comoedia
1119 4113 1350 4174 Graecis
1379 4112 1648 4173 Archoea.
1671 4111 1852 4187 dicta,
1881 4113 2023 4194 quia
2047 4124 2207 4175 esset
2234 4113 2308 4174 de
2338 4114 2510 4173 nobis

321 4227 526 4288 parum
568 4211 821 4292 cognitis
865 4210 1022 4272 vitiis
1048 4210 1247 4272 :·item
1292 4209 1470 4272 etiam
1500 4211 1886 4291 Eteonymos,
1925 4211 2068 4292 quia
2094 4211 2318 4275 inesset
2345 4210 2405 4270 in
2437 4230 2510 4271 ea
