3050 4942
776 359 1142 413 nAmnms
1186 364 1483 414 nemsn
1539 365 2062 419 DISSERTATIO.
2429 355 2517 423 85

539 505 714 585 Ὁρᾷς
740 506 823 567 ὅτι
852 505 1001 566 Ζεὺς
1028 505 1171 589 τᾷδε
1200 510 1467 586 πρωτεῦει
1497 515 1661 583 θεῶν,

538 601 634 663 Οὔ
658 603 882 680 ψεῦδος,
917 604 1045 664 οὐδὲ
1071 609 1303 682 κόμπον,
1333 610 1397 665 οὔ
1424 611 1613 685 μωρὸν
1643 614 1832 684 γέλων

545 698 797 772 Ἀσκῶν,
827 700 891 761 τὸ
917 699 967 760 δ’
993 698 1098 773 ἡδὺ
1122 710 1326 781 μοῦνος
1353 708 1448 765 οὐκ
1474 708 1794 767 ἐπίσταται.

297 870 499 940 Quare
524 868 811 930 divinitus
840 871 915 932 ab
943 871 1263 933 Aristotele
1292 874 1517 935 dictum
1547 887 1662 950 est,
1686 887 1911 957 partem
1942 878 2331 957 turpitudinis.
2353 900 2507 953 esse,

293 966 357 1026 id
384 964 554 1046 quod
584 977 679 1027 est
707 966 1044 1030 ridiculum.
1127 970 1364 1031 Diserte
1392 974 1546 1032 enim
1578 974 1680 1047 ait,
1710 976 1795 1035 ὅτι
1822 976 1884 1035 τὸ
1914 981 2165 1050 γελοῖον,
2191 981 2386 1055 μόριον
2412 983 2512 1038 τοῦ

293 1066 538 1143 αἰσχροῦ
564 1065 742 1126 ἐστιν.
826 1066 942 1139 Ita,
986 1085 1124 1145 quae
1169 1068 1264 1128 vel
1310 1069 1370 1127 in
1398 1071 1590 1129 verbis
1620 1080 1924 1132 auctorum
1952 1071 2044 1131 vel
2073 1073 2367 1147 sensibus,
2412 1074 2515 1134 vel

291 1161 350 1220 in
382 1179 661 1222 sermone
686 1160 994 1223 hominum
1016 1174 1077 1224 et
1099 1164 1296 1238 factiS,
1319 1177 1422 1224 aut
1444 1165 1680 1227 detorta
1709 1177 1849 1229 sunt
1875 1178 1980 1228 aut
2008 1168 2347 1248 depravata,
2376 1170 2504 1229 ani·

292 1275 419 1317 mos
447 1255 724 1336 plebeios
747 1258 1125 1320 vehementer
1154 1271 1414 1336 movent,
1458 1273 1518 1322 et
1563 1263 1680 1323 hoc
1726 1264 1857 1344 ipso
1886 1266 2066 1326 risum
2094 1276 2163 1328 ut
2187 1267 2506 1346 plurimum

293 1354 631 1415 excutiunt.
714 1354 978 1438 Ideoque
1004 1356 1296 1417 inusitata,
1316 1358 1475 1419 dicta
1500 1370 1563 1420 et
1589 1363 1893 1436 obscoena,
1945 1362 2297 1441 optimorum
2324 1363 2502 1424 cavil-

291 1450 574 1525 lationes,
626 1450 992 1532 singulorum
1036 1455 1447 1527 contumelias,
1498 1458 1820 1517 sententias
1870 1476 2197 1536 perversas,
2245 1458 2503 1538 ideoque

287 1545 726 1628 inexpectatas‚
766 1549 997 1628 aliaque
1025 1548 1089 1608 id
1128 1570 1317 1628 genus
1346 1552 1566 1629 (qualis
1595 1552 1843 1612 imitatio
1873 1552 2164 1613 dictorum
2192 1554 2284 1614 vel
2311 1554 2505 1613 facto·-

286 1662 438 1716 rum,
490 1652 554 1703 et
596 1644 862 1724 inprimis
890 1645 1315 1726 improborum)
1358 1649 1540 1709 risum
1568 1649 1822 1709 maxime
1850 1649 1909 1707 in
1941 1649 2272 1723 Comoedia,
2319 1670 2501 1728 quam

287 1738 568 1802 Veterem
596 1740 890 1815 dicebant,
934 1744 1294 1821 expressisse
1323 1757 1579 1806 constat.
1665 1746 1841 1814 Quod
1870 1746 2231 1826 intelligunt,
2259 1746 2361 1825 qui
2397 1767 2505 1826 ge·

286 1835 451 1896 nium
479 1835 715 1897 ridiculi
742 1836 1081 1918 intelligunt
1108 1850 1286 1919 atque
1316 1841 1598 1904 indolem.
1687 1843 1874 1923 Cujus
1925 1853 2183 1922 segetem
2225 1842 2490 1923 largissi-

286 1950 444 1991 mam
473 1933 570 1992 vel
598 1953 753 1993 unus
782 1935 1210 2015 Aristophanes
1242 1938 1606 2018 suppeditat.
1689 1941 1806 2009 Qui
1841 1959 1957 2001 non
1989 1939 2166 1999 modo
2195 1939 2495 2012 Plautum,

291 2026 395 2087 sed
422 2048 835 2110 quoscumque
863 2031 978 2091 hac
1005 2031 1065 2092 in
1096 2044 1262 2113 parte
1291 2037 1610 2114 superavit,
1634 2055 1957 2117 omnesque
1986 2049 2082 2098 τοῦ
2110 2042 2344 2116 γελοίου
2371 2055 2500 2095 mo·

290 2124 397 2185 dos
426 2145 500 2186 ac
528 2127 751 2206 figuras
778 2125 1141 2208 lepidissime
1169 2133 1477 2212 expressit.
1566 2133 1837 2213 Denique
1866 2143 1934 2194 ut
1978 2144 2232 2207 acetum,
2275 2134 2386 2193 nisi
2413 2132 2499 2193 vi-

291 2240 429 2281 num
458 2221 540 2282 sit
568 2234 929 2304 corruptum,
958 2227 1178 2288 bonum
1206 2249 1505 2308 nunquam
1536 2233 1675 2300 erit3
1717 2233 1819 2304 ita,
1848 2252 1983 2312 quse
2013 2231 2243 2290 sincera
2266 2238 2410 2290 *sunt
2436 2238 2500 2289 et

294 2336 454 2393 vera,
501 2319 684 2379 risum
715 2340 1021 2403 nunquam
1046 2326 1411 2388 excitabunt.
1492 2329 1784 2409 Apposite
1815 2328 2237 2400 Quintilianus,
2287 2326 2387 2385 ubi
2419 2325 2497 2385 de

292 2413 569 2476 Ridiculo
594 2435 616 2476 z
655 2422 674 2451 ‘
698 2417 774 2476 Et
800 2417 1038 2480 hercule
1066 2422 1257 2481 omnis
1290 2424 1447 2483 salse
1477 2423 1717 2484 dicendi
1746 2424 1918 2497 ratio,
1961 2423 2021 2482 in
2051 2442 2123 2483 eo
2150 2432 2265 2495 est,
2293 2430 2362 2482 ut
2387 2422 2496 2482 ali-

286 2521 376 2573 ter
398 2532 585 2592 quam
612 2521 707 2574 est
731 2526 955 2576 rectum
980 2536 1299 2599 verumque
1329 2520 1602 2581 dicatur!
1684 2522 1881 2589 Quare
1930 2531 1992 2580 et
2015 2519 2383 2600 compositus
2414 2518 2494 2579 ad

284 2609 470 2669 risum
500 2627 716 2683 sermo,
761 2612 840 2670 ab
881 2613 1146 2674 oratione
1192 2626 1374 2688 recta,
1417 2635 1592 2695 quam
1644 2622 1936 2689 πολιτικὴν
1963 2617 2225 2694 magistri
2252 2625 2492 2687 vocant,

285 2726 467 2786 quam
494 2707 846 2785 longissime
873 2709 1049 2769 abeat
1074 2729 1322 2771 necesse
1353 2722 1468 2782 est,
1489 2713 1659 2791 cujus
1687 2713 1940 2791 propriae
1959 2714 2227 2784 virtutes,
2247 2715 2285 2781 ἡ
2312 2714 2495 2791 σοφή·

283 2827 433 2877 reta,
459 2807 496 2875 ἦ
524 2805 818 2876 ἐπιείκεια,
847 2808 884 2876 ἦ
910 2809 1171 2886 ἀφέλεια,
1217 2811 1253 2879 ἡ
1298 2812 1561 2880 ἀλήθεια,
1611 2807 2022 2888 perspicuitaS,
2050 2806 2322 2884 aequita8‚
2350 2807 2490 2865 sim-

280 2900 545 2980 plicitas»,
595 2900 837 2972 veritaS,
885 2914 1203 2980 ponuntur.
1298 2903 1434 2972 Qua
1483 2904 1543 2963 in
1593 2913 1759 2984 parte
1813 2921 1990 2982 supra
2038 2900 2487 2962 admirationem

278 2998 547 3056 omnium
594 2996 925 3057 Menander
970 2998 1129 3078 apud
1179 3000 1447 3073 Graecos,
1493 3000 1803 3061 Terentius
1851 2999 2136 3058 Romanis
2182 2997 2356 3059 fuerit
2383 3018 2491 3058 ne-

280 3113 452 3153 cesse
501 3102 639 3153 est:
679 3094 782 3173 qui
828 3102 897 3153 ut
941 3096 1083 3156 viris
1128 3098 1494 3178 sapientibus
1523 3118 1595 3159 ac
1624 3098 1868 3158 eruditis
1897 3097 2260 3176 voluptatem
2287 3096 2487 3175 potius

281 3188 583 3264 afferrent,
612 3210 790 3269 quam
818 3210 1189 3272 quacumque
1218 3195 1444 3253 ratione
1473 3194 1656 3254 risum
1683 3200 2117 3272 extorquerent,
2147 3190 2369 3271 duplici
2388 3192 2497 3271 ju«.

282 3286 591 3346 cunditate
619 3285 935 3348 utilitatem
962 3288 1313 3368 (imitatione
1342 3289 1477 3349 vitae
1499 3290 1726 3350 scilicet
1745 3290 2040 3360 humanae,
2071 3298 2131 3348 et
2158 3288 2491 3348 inimitabili

280 3381 511 3464 lepore)
558 3382 931 3445 condierunt.
1015 3384 1186 3446 Metu
1232 3387 1387 3447 enim
1435 3386 1846 3448 Macedonicae
1892 3385 2199 3466 potentiss,
2247 3382 2488 3445 licentia

280 3482 588 3560 Antiquae,
630 3491 698 3541 ut
742 3483 1057 3542 observant
1101 3481 1324 3557 Critici,
1375 3483 1613 3545 defecit.
1698 3482 1885 3562 Cujus
1931 3482 2128 3541 locum
2169 3481 2489 3560 occupavit

281 3576 473 3637 Nova.
562 3576 747 3656 Cujus
778 3587 840 3638 et
867 3578 1114 3638 formam
1142 3579 1405 3639 nondum
1446 3580 1682 3659 penitus
1711 3578 1932 3638 vidisse
1979 3576 2331 3651 absolutam,
2376 3578 2485 3637 sed

273 3673 393 3753 jam
422 3675 774 3755 concepisse
805 3674 1022 3749 anim0,
1050 3684 1290 3755 putatur
1314 3677 1684 3737 Aristoteles.
1743 3675 1886 3755 Ejus
1914 3693 2053 3734 vero
2079 3672 2316 3732 unicum
2344 3691 2481 3751 pro-

278 3768 564 3847 positum,
600 3769 893 3829 humanos
922 3788 1100 3831 nosse
1130 3781 1308 3850 atque
1336 3771 1548 3833 imitari
1575 3790 1789 3832 mores.
1872 3769 2007 3836 Quo
2035 3779 2096 3830 et
2124 3768 2204 3827 D.
2236 3768 2479 3827 Hieron.

282 3864 555 3943 Epistola
584 3862 661 3923 ad
710 3866 968 3939 Furiam,
998 3864 1074 3926 de
1102 3865 1408 3928 Viduitate
1439 3867 1764 3940 Servanda,
1793 3865 2053 3944 respicit,
2081 3882 2217 3924 cum
2245 3864 2476 3943 inquit:

284 3967 299 3994 ‘
323 3962 448 4021 Nec
475 3961 712 4034 mirum,
742 3961 856 4022 hoc
882 3961 1127 4042 figulum
1154 3964 1416 4026 sensisse
1435 3965 1511 4026 de
1537 3963 1793 4036 vasculo,
1817 3961 1979 4042 quod
2003 3961 2132 4041 ipse
2155 3961 2477 4021 fabricatus

282 4067 390 4131 est,
441 4077 579 4118 cum
610 4057 789 4118 etiam
817 4059 1118 4130 Comicus,
1163 4062 1331 4142 eujus
1360 4064 1493 4123 finis
1520 4073 1613 4123 est
1638 4062 1929 4122 humanos
1955 4077 2148 4119 mores
2178 4077 2355 4118 nosse
2383 4068 2477 4116 at·

281 4174 392 4236 que
418 4154 774 4230 describere,
804 4155 1056 4217 dixerit:
1100 4159 1267 4222 Snus
1311 4162 1586 4222 Census
1635 4178 1714 4221 ετ
1761 4158 2013 4220 Lrnsno
2060 4173 2311 4219 ruem·
2349 4152 2487 4222 VB·-t
