3050 4942
495 414 626 485 148.
1088 427 1363 481 su1.ws
1409 424 1670 492 cAESAR
1718 422 2092 476 sommant:

494 590 651 650 octo,
678 576 1015 637 tetrametri.
1098 574 1249 633 Haec
1294 572 1453 652 apud
1505 572 1772 631 Graecos.
1857 569 2053 631 Latini
2084 578 2280 630 autem
2313 569 2405 630 his
2434 570 2683 631 nomini·

495 677 605 735 bus
637 675 811 735 etiam
843 673 955 733 alia
984 671 1300 732 addidere:
1360 690 1479 729 non
1508 672 1583 729 ab
1610 668 2099 741 dimensionibus,
2147 688 2283 747 quae
2310 667 2479 727 binos
2508 687 2684 748 cape-

494 781 623 832 rent
652 771 854 851 pedes,
883 770 988 830 sed
1017 789 1052 829 a
1078 769 1298 850 pedum
1338 786 1603 839 numero,
1647 766 2076 846 quaternarios,
2107 766 2390 837 senarios,
2440 775 2684 825 octona-

494 872 611 931 rios
637 889 652 929 :
696 878 861 928 tanto
890 866 1278 939 commodius,
1302 886 1436 925 cum
1464 865 1642 925 unica
1667 884 1814 924 voce
1843 863 2020 924 etiam
2049 864 2368 944 imparibus
2399 864 2687 923 constitu-

493 981 587 1027 tos
616 965 866 1045 pedibus
895 964 1314 1023 nominabant:
1356 960 1675 1041 quinarios,
1715 961 2099 1041 septenarios.
2166 962 2319 1019 Nam
2345 960 2456 1019 hos
2486 960 2684 1020 Graeci

492 1061 1046 1144 brachycatalectici
1088 1059 1417 1140 adjectione
1460 1049 1818 1138 agnoscunt,
1864 1059 2069 1138 quanti
2106 1058 2246 1119 sint.
2331 1058 2685 1118 Octonarios

495 1172 687 1220 autem
735 1158 1259 1237 etiamquadratos
1306 1158 1773 1236 appellavimus:
1833 1154 2329 1235 quemadmodum
2374 1154 2434 1212 in
2480 1154 2687 1213 cubica

493 1256 683 1334 figura
712 1255 912 1333 anguli
961 1254 1160 1313 octoni
1190 1263 1367 1311 sunt:
1431 1253 1533 1325 ita,
1572 1272 1709 1314 curn
1757 1252 2008 1313 eandem
2036 1250 2480 1331 quadrantalem
2528 1249 2687 1308 dice-

492 1362 644 1423 rent,
672 1350 882 1410 eodem
932 1350 1167 1409 nomine
1211 1349 1393 1410 hosce
1419 1369 1624 1409 versus
1674 1338 1989 1428 insignitos
2019 1349 2276 1409 voluere.
2362 1349 2512 1407 Nam
2540 1366 2684 1407 con-

494 1447 702 1507 stituta
731 1445 1021 1526 quadrata
1047 1446 1408 1525 superficieS‚
1454 1446 1506 1504 si
1535 1446 1681 1505 fluat
1709 1456 1886 1524 atque
1932 1437 2142 1524 postea
2189 1433 2471 1516 sistatur,'
2494 1443 2685 1523 quad·-

492 1543 682 1603 rantal
714 1553 907 1602 creat:
971 1557 1152 1622 quare
1197 1559 1410 1620 corpus
1438 1542 1552 1601 hoc
1584 1542 1775 1600 Latini
1804 1541 2021 1601 Graeca
2047 1559 2193 1602 voce
2221 1553 2504 1601 tesseram
2525 1540 2682 1600 voci-

491 1638 734 1699 tarunt:
777 1659 896 1698 non
945 1659 982 1698 a
1024 1639 1270 1701 laterum
1315 1635 1578 1711 numero,
1627 1652 1695 1699 ut
1739 1639 1980 1718 quidam
2015 1651 2313 1719 putavere,
2359 1648 2498 1697 sunt
2524 1637 2682 1696 enim

493 1755 632 1796 sex:
678 1736 785 1795 sed
814 1738 889 1795 ab
919 1735 1114 1796 radice
1142 1737 1575 1796 constitutionis
1599 1756 1615 1795 ε
1660 1738 1745 1797 sic
1768 1738 1922 1797 enim
1943 1737 2248 1816 appellant
2263 1733 2683 1795 mathematici.

491 1832 808 1907 Praeterea,
858 1852 993 1894 cum
1024 1833 1239 1893 senarii
1279 1833 1414 1914 plus
1464 1833 1524 1892 in
1574 1854 1684 1893 usu
1733 1834 2002 1904 fuissent,
2050 1835 2390 1913 primusque
2441 1831 2681 1890 Boistus

488 1929 834 2009 produxerit
875 1932 1229 2001 octonarios,
1276 1932 1349 1990 ab
1398 1929 1498 1989 illo
1542 1941 1732 1991 tractu
1785 1929 1997 2009 longos
2045 1928 2438 1988 nominavere.
2524 1927 2682 2005 Ergo

490 2042 684 2105 neque
714 2026 943 2086 Gellius
976 2024 1281 2087 Ennianos
1311 2046 1515 2087 versus
1545 2025 1867 2105 quadratos
1898 2036 2055 2086 recte
2082 2024 2403 2105 appellavit
2429 2023 2681 2083 trochai-

490 2143 593 2183 cos
622 2122 794 2183 illos:
840 2125 1008 2183 ‘Hoc
1057 2125 1169 2184 erit
1210 2124 1317 2182 tibi
1368 2133 1777 2201 argumentum
1821 2141 2052 2201 semper
2096 2122 2157 2180 in
2201 2133 2433 2200 promtu
2479 2124 2679 2183 situm.

490 2220 582 2278 Ne
611 2220 754 2298 quid
783 2231 1058 2299 expectes
1087 2219 1330 2291 amicoS,
1380 2230 1505 2279 tute
1535 2219 1697 2298 quod
1738 2218 1932 2297 possis
1962 2219 2175 2298 agere!
2255 2211 2465 2297 Neque
2493 2218 2680 2278 Varro

486 2311 546 2375 in
578 2316 825 2394 septimo
856 2315 929 2375 de
960 2315 1186 2393 Lingua
1217 2314 1427 2374 Latina
1454 2314 1589 2373 illos
1619 2334 1692 2373 ex
1712 2315 2038 2375 Eunucho:
2072 2307 2098 2350 '⁴
2123 2315 2270 2375 Heri
2291 2314 2518 2393 aliquot
2534 2315 2681 2375 ado-

485 2411 797 2472 lescentuli
824 2413 1048 2472 coimus
1090 2413 1148 2471 in
1180 2412 1413 2470 Piraeo!
1496 2410 1803 2490 Siquidem
1845 2409 2096 2471 Rufinus
2144 2422 2349 2471 auctor
2377 2422 2488 2482 est,
2535 2432 2681 2471 eun·-

491 2508 623 2567 dem
655 2507 979 2569 Varronem
1019 2509 1104 2567 ita
1129 2507 1408 2579 sensisse,
1436 2526 1669 2567 versum
1698 2507 2092 2588 septenarium
2131 2509 2272 2581 fleri,
2319 2527 2453 2568 cum
2485 2508 2563 2567 ad
2591 2528 2682 2570 se·

487 2604 713 2665 narium
769 2624 872 2684 pes
927 2605 1265 2685 trisyllabus
1322 2604 1673 2664 adderetur:
1745 2604 2028 2684 additque
2079 2603 2411 2685 exemplum
2468 2605 2678 2665 iisdem

488 2702 766 2773 numeris,
810 2721 883 2760 ex
935 2702 1209 2781 Hecyra:
1269 2706 1288 2736 ‘
1309 2701 1462 2759 Nam
1515 2700 1566 2760 si
1615 2699 1918 2762 remittant
1963 2700 2259 2781 quippiam
2310 2700 2677 2763 Philumenae

490 2798 769 2860 dolores?
853 2798 991 2858 Non
1019 2798 1207 2858 solum
1236 2796 1412 2877 igitur
1439 2816 1475 2856 a
1505 2816 1571 2856 se
1594 2796 1868 2857 dissentit
1897 2796 2047 2877 ipse,
2075 2817 2277 2857 verum
2316 2798 2490 2857 etiam
2524 2811 2681 2859 errat

486 2896 842 2956 definiendo.
928 2896 1082 2955 Nam
1104 2905 1166 2955 et
1190 2895 1374 2974 major
1401 2904 1495 2954 est
1521 2894 1875 2974 septenario,
1921 2904 1982 2953 et
2008 2890 2345 2975 trisyllabus
2391 2915 2492 2974 pes
2538 2897 2678 2955 bac-

487 2992 654 3054 chius
682 2993 1023 3071 praesertim,
1054 2992 1247 3051 iambo
1276 3010 1395 3050 non
1424 2991 1614 3050 solum
1641 3001 1735 3051 est
1760 2991 2140 3062 adventitius,
2187 2991 2295 3051 sed
2323 2993 2495 3051 etiarn
2528 2992 2678 3052 alte-

485 3089 605 3148 rius
660 3099 883 3148 tractus
940 3088 1177 3159 diversi,
1217 3106 1407 3166 neque
1456 3086 1674 3166 dignus
1730 3088 1829 3166 qui
1879 3089 1937 3147 in
1993 3087 2223 3147 iambici
2272 3087 2670 3147 definitionem

488 3183 863 3249 admittatur:
892 3192 952 3241 et
980 3181 1288 3241 ridiculum
1317 3190 1429 3255 est,
1459 3202 1578 3242 non
1606 3184 1802 3263 potius
1852 3183 2244 3263 septenarium
2291 3204 2365 3244 ex
2415 3185 2677 3263 septenis

485 3279 630 3351 fieri,
660 3280 815 3339 sicut
840 3298 912 3337 ex
944 3279 1102 3338 senis
1132 3280 1448 3352 senarium,
1479 3300 1657 3360 quam
1697 3302 1731 3342 e
1760 3282 1993 3342 senario
2024 3291 2086 3341 et
2126 3300 2246 3341 uno
2274 3281 2460 3360 pede:
2505 3292 2673 3342 tanto

488 3376 680 3435 minus
721 3376 1044 3454 trisyllaho.
1146 3376 1266 3436 Sed
1321 3379 1588 3457 profecto
1642 3377 1890 3457 magnos
1939 3378 2094 3439 viros
2149 3375 2466 3438 auctoritas
2514 3398 2675 3457 saepe

486 3472 650 3538 texit,
674 3473 851 3532 etiam
880 3474 1032 3532 male
1062 3474 1422 3534 sentientes:
1468 3474 1624 3534 sicut
1667 3475 2012 3534 Ciceronem
2041 3492 2276 3552 quoque
2304 3473 2458 3552 fugit
2504 3475 2675 3545 ratio,
2710 3519 2717 3526 ψ

483 3589 618 3636 cum
644 3568 705 3627 in
737 3569 923 3648 prima
949 3569 1277 3648 quaestione
1304 3570 1644 3630 Tusculana
1673 3570 2036 3650 septenarios
2061 3580 2237 3630 vocat
2277 3571 2409 3629 illos
2436 3590 2452 3629 :
2494 3577 2512 3605 ⁴
2538 3570 2673 3630 Heu

483 3664 761 3745 reliquias
790 3667 1055 3726 semiassi
1081 3667 1236 3746 regis
1266 3666 1584 3726 denudatis
1636 3668 1894 3740 ossibus,
1939 3667 2053 3727 Per
2090 3678 2303 3740 terram
2333 3666 2498 3726 sanie
2529 3664 2676 3727 deli·-

483 3764 654 3824 butas
683 3761 837 3822 foede
884 3762 985 3821 diu
1013 3764 1315 3823 vexarier!
1397 3763 1699 3836 Erasinus,
1729 3766 2056 3823 Varronem
2095 3771 2651 3833 secutus,tetrame-

481 3870 634 3918 trum
679 3860 859 3919 nihilo
882 3859 1110 3920 felicius
1156 3860 1468 3941 explicavit
1492 3859 1608 3919 illis
1651 3862 1864 3931 verbis,
1909 3860 2220 3919 iambicum
2267 3867 2670 3918 tetrametrum

481 3955 771 4016 interdum
802 3957 857 4013 in
888 3957 1006 4016 fine
1033 3957 1288 4017 fraudari
1326 3977 1445 4016 una
1486 3955 1716 4036 syllaba
1742 3957 2034 4036 producta
2060 3955 2405 4036 penultima,
2434 3958 2667 4034 quoties

478 4051 731 4110 iambico
758 4051 1005 4110 dimetro
1034 4054 1315 4114 accinitur
1351 4053 1598 4122 dimeter
1622 4053 2024 4114 catalecticus.
2100 4053 2253 4111 Nam
2282 4051 2426 4130 quid
2455 4053 2667 4114 attine-

481 4147 584 4205 bat
610 4146 1216 4225 dicei-evapenultimam'
1241 4148 1628 4228 productam?
1692 4169 1882 4229 neque
1926 4149 2080 4211 enim
2109 4147 2502 4210 necessarium
2551 4148 2663 4208 hoc

483 4252 574 4301 est
598 4262 612 4300 z
658 4262 775 4319 quo
804 4243 936 4302 loco
965 4252 1025 4302 et
1052 4245 1379 4305 tribrachus
1408 4266 1540 4320 esse
1582 4258 1780 4326 potest
1806 4258 1867 4307 et
1895 4247 2167 4327 dactylus
2193 4265 2208 4305 :
2264 4264 2512 4323 quorum
2543 4246 2665 4325 syl-
