3050 4942
573 382 704 448 396
1145 397 1537 448 rnAErAwo
1586 397 1662 446 m
1715 396 2166 446 nuuucnuu.

813 532 1089 619 Ephebus
1115 539 1292 599 frater
1318 537 1609 599 Phaedriae
1632 536 1950 617 puellulam

818 637 968 697 Cum
995 635 1305 716 deperiret,
1329 636 1486 694 dono
1512 635 1751 695 missam
1778 633 2009 707 Thaidi,

809 733 1035 792 Ornatu
1066 731 1383 792 Eunuchi⁴
1409 731 1710 792 induitur:
1754 732 1968 792 suadet
1990 730 2317 791 Parmeno:

804 828 1068 889 Introiit:
1090 833 1111 867 ⁵
1153 830 1319 888 vitiat
1344 828 1662 907 virginem:
1707 826 1813 888 sed
1839 828 2071 887 Atticus

807 925 971 985 Civis
990 936 1250 1005 repertus
1276 926 1453 985 frater
1480 925 1607 1005 ejus
1636 924 1891 985 collocat

802 1021 1079 1083 Vitiatam
1107 1022 1376 1102 ephebo:
1418 1020 1750 1081 Phaedriam
1779 1029 1983 1082 exorat
2009 1019 2252 1080 Thraso.

564 1213 671 1248 eum
690 1199 991 1263 Pamphilam
1007 1162 1197 1264 perdite
1212 1205 1393 1251 amaret
1412 1201 1634 1250 &natam
1658 1199 1829 1250 Thaidi
1847 1215 1876 1249 a
1897 1199 2064 1259 milite,
2083 1196 2362 1262 supponitur
2386 1210 2472 1260 pro
2492 1193 2716 1272 ῌιιπιιςῆυ,

562 1264 749 1326 (iusque
769 1263 931 1314 habitu
948 1265 1141 1314 indutus
1168 1268 1232 1315 ad
1265 1267 1391 1315 aedes
1415 1266 1612 1315 'I'lmidio
1630 1265 1898 1324 adducitur,
1914 1266 2138 1313 suadente
2155 1264 2442 1312 Parmenone
2453 1277 2472 1310 :
2503 1276 2556 1310 tn
2571 1259 2717 1323 qubus

560 1331 750 1390 stuprat
766 1328 1060 1405 Pumphiffam
1070 1346 1092 1388 ,-
1112 1345 1231 1393 (ιω,
1248 1344 1353 1379 cum
1366 1330 1609 1392 reperisset
1621 1328 1831 1389 fratrem
1844 1344 1976 1405 sptem
1995 1329 2304 1385 Chremem,
2317 1324 2718 1401 cicemstthenien·

560 1393 1618 1520 maiffi'ss‘sseffldi’wfflssssr'fffl&
1641 1410 1672 1443 ⁸
1704 1409 1793 1458 ⁹¹¹⁰
1826 1398 1997 1443 ''²³⁸⁶“
2014 1393 2220 1453 “¹⁶⁶²’‘
2254 1392 2433 1441 rm„
2451 1393 2666 1453 ‘'mm'‘
2689 1402 2717 1435 ⁶

1530 1570 1747 1622 NOTAE

619 1668 653 1713 4
691 1665 878 1716 Ornata
902 1666 1141 1731 Eunuchi]
1188 1668 1466 1719 Eunuchus
1488 1682 1603 1719 cas·
1683 1667 1936 1733 privatus,
1960 1671 2016 1716 et
2036 1662 2189 1728 ἆχείιι,
2204 1663 2391 1725 coitus,
2407 1658 2722 1724 conjunctim

557 1746 726 1791 tratus
747 1742 942 1793 dicitur
975 1744 1040 1794 ab
1062 1743 1189 1808 ὠνὴ,
1224 1745 1363 1810 quod
1397 1753 1479 1796 est
1516 1760 1604 1795 cn·
1684 1745 1829 1810 qnasi
1869 1741 1989 1794 εδνις
2032 1741 2213 1805 ὀχείας,
2255 1740 2508 1804 privatus,
2551 1750 2720 1785 carens

554 1818 684 1880 bile,
704 1826 761 1869 et
796 1817 912 1883 ἔχω,
942 1819 1128 1884 habeo,
1164 1822 1432 1884 custodio:
1469 1821 1607 1887 quod
1684 1820 2048 1885 conjunctione
2084 1818 2338 1868 foeminea.
2399 1812 2639 1879 [Eunuchi
2655 1826 2722 1862 or·

553 1894 609 1944 id
631 1908 792 1956 genus
827 1895 1082 1946 hominum
1121 1896 1463 1947 adhibebatur
1498 1912 1605 1946 ser·
1682 1904 1844 1948 nutum
1864 1897 2020 1947 Both.
2044 1892 2239 1955 dedit.]

550 1973 732 2021 vandis
753 1988 929 2038 regum
969 1974 1239 2026 cubilibus,
1302 1976 1605 2024 Eustathius
1745 1979 1775 2023 5
1812 1971 2060 2037 [Introiit]
2110 1968 2289 2020 Introit
2310 1966 2505 2031 Delph.
2557 1963 2722 2014 Introi-

555 2047 768 2099 deducit
789 2063 972 2099 nomen
996 2049 1132 2101 istud
1154 2051 1219 2101 ab
1240 2048 1376 2115 ebrus,
1410 2051 1463 2100 id
1500 2057 1602 2114 est,
1679 2050 1751 2101 vit
1769 2046 1949 2111 Boin]

939 2476 2317 2591 AELJIDONATL

1087 2686 1155 2734 V.
1187 2684 1247 2736 C.
1283 2682 1647 2734 ORATORIS
1683 2682 1894 2734 URBIS
1927 2681 2181 2745 ROMA-2,

730 2847 1247 2914 PRAEFATIO
1297 2847 1408 2913 IN
1452 2846 2010 2913 EUNUCHUM
2055 2813 2550 2909 mamm

540 3045 694 3104 Hinc
720 3047 1027 3107 masculini
1052 3048 1283 3129 generis
1308 3048 1546 3107 nomine
1563 3055 1904 3124 nuncupata
1927 3038 2155 3105 Fabula
2174 3053 2287 3117 est,
2309 3043 2717 3103 Eunucnus:

538 3151 599 3200 et
626 3151 719 3201 est
745 3141 997 3202 Palliata
1026 3141 1340 3204 Menandri
1388 3152 1594 3203 vetus:
1637 3162 1811 3222 quam
1853 3141 1952 3202 ille
1997 3155 2203 3203 auctor
2248 3140 2323 3201 de
2367 3128 2531 3200 'facto
2574 3138 2716 3197 ado·

536 3235 838 3308 lescentis,
881 3240 979 3317 qui
1029 3260 1092 3300 se
1140 3257 1246 3318 pro
1288 3238 1575 3298 Eunucho
1627 3237 1840 3297 deduci
1869 3237 1945 3296 ad
1975 3239 2337 3299 meretricem
2364 3255 2580 3318 passus
2606 3246 2715 3306 est,

533 3332 875 3392 nominavit.
962 3335 1166 3414 Itaque
1195 3354 1270 3395 ex
1298 3353 1513 3412 magna
1560 3344 1725 3413 parte
1773 3334 2021 3392 motoria
2063 3344 2176 3395 est.
2259 3336 2455 3413 Atque
2501 3332 2561 3390 in
2604 3331 2719 3390 hac

534 3429 864 3502 Comoedia,
906 3430 1006 3508 qui
1036 3449 1348 3510 personam
1377 3429 1762 3489 Parmenonis
1791 3440 1955 3488 actor
1983 3430 2254 3502 sustinet,
2292 3430 2512 3510 primas
2538 3427 2718 3486 habet

527 3536 746 3604 partes.
828 3525 1121 3586 Secundae
1151 3536 1289 3586 sunt
1319 3525 1606 3585 Choereae.
1688 3523 1900 3583 Tertiae
1934 3526 2010 3584 ad
2057 3525 2394 3585 Phaedriam
2424 3533 2713 3604 spectant.

530 3620 724 3700 Hujus
761 3621 1052 3700 Prologus
1099 3642 1241 3681 sane
1269 3629 1361 3680 est
1385 3619 1752 3680 concitatior.
1835 3621 1988 3680 Nam
2018 3631 2080 3681 et
2107 3621 2309 3700 objicit
2333 3620 2580 3680 crimina
2607 3618 2713 3678 ad-

526 3716 934 3775 versantibus:
978 3725 1039 3775 et
1082 3716 1467 3775 comminatur
1516 3715 1969 3792 inposterum:
2011 3726 2072 3777 et
2119 3717 2485 3778 accusatorie
2514 3722 2716 3774 narrat

521 3807 791 3889 injuriam
819 3810 1091 3871 Terentio
1116 3812 1330 3871 factam
1346 3830 1361 3869 :
1380 3820 1453 3895 ¹et
1480 3811 1556 3870 ad
1582 3811 1849 3871 ultimum
1874 3814 2232 3872 tumultuose
2253 3823 2314 3873 et
2335 3832 2472 3873 cum
2492 3827 2715 3890 magna

522 3905 745 3965 invidia
772 3905 1037 3967 defendit
1065 3906 1329 3967 Poctam.
1417 3908 1567 3967 Haec
1615 3918 1676 3969 et
1720 3912 2013 3985 πρότασιν,
2049 3919 2110 3968 et
2138 3912 2420 3981 ἐπίτασιν,
2449 3918 2515 3969 et
2541 3930 2712 3968 κατα-

524 4005 763 4079 στροφὴν
791 4002 874 4060 ita
899 4002 1161 4081 aequales
1183 4003 1383 4076 habet,
1403 4012 1473 4062 ut
1492 4024 1785 4084 nusquam
1804 4005 1970 4065 dicas
1987 4004 2358 4084 longitudine
2378 4006 2575 4085 operis
2596 4003 2708 4065 Te-

522 4094 770 4155 rentium
797 4095 1160 4156 delassatum
1188 4096 1558 4158 dormitasse.
1645 4100 1833 4160 Actus
1864 4116 2007 4160 sane
2033 4101 2450 4180 implicatiores
2477 4101 2705 4160 suntin

522 4206 617 4261 ea,
657 4197 717 4247 et
757 4190 858 4267 qui
907 4210 1025 4250 non
1054 4191 1226 4253 facile
1255 4212 1291 4253 a
1318 4212 1523 4273 parum
1554 4194 1743 4257 doctis
1773 4196 2053 4277 distingui
2093 4197 2357 4278 possint:
2401 4196 2538 4258 ideo
2565 4196 2704 4277 quia
