3050 4942
537 342 667 409 272
1380 356 1887 411 anonumum.

544 518 549 523 ²
605 499 949 551 Chremetem.
985 499 1114 549 'Sed
1148 513 1280 549 nave
1302 498 1491 561 fracta,
1513 500 1657 550 venit
1692 501 1843 550 simul
1876 514 1994 551 cnm
2029 507 2193 564 nepte
2222 501 2389 552 adhuc
2411 501 2649 565 parvula,
2668 500 2733 550 ad

602 581 818 630 insulam
855 581 1178 654 Graecorum,
1214 579 1417 629 nomine
1440 578 1699 643 Andrum,
1722 581 1895 646 ibique
1927 580 2048 630 dum
2083 589 2371 633 moraretur
2408 596 2502 644 per
2534 583 2735 647 aliquot

602 663 714 712 dies
751 663 800 711 in
840 662 1065 726 hospitio
1101 661 1365 726 cujusdam
1401 662 1500 710 viri
1538 653 1882 726 qui'habebat
1919 660 2076 712 filiam
2116 661 2370 714 vocabulo
2406 663 2734 728 Chrysidem,

602 750 770 793 morte
804 751 1096 807 praeveutns
1121 751 1218 793 est.
1289 745 1404 794 Nec
1427 743 1590 793 multo
1623 751 1742 808 post
1784 749 1938 809 pater
1958 743 2225 808 Chrysidis
2255 759 2461 809 quoque
2493 744 2732 794 moritur.

598 826 726 875 Tum
771 824 1028 895 illaeltluae
1068 825 1255 887 puellae
1301 824 1367 874 ab
1406 822 1589 873 Andro
1618 823 2043 887 proficiscentes,
2078 838 2195 874 cum
2232 825 2346 874 aliis
2392 823 2737 889 pedissequis,

597 904 831 954 Athenas
863 904 1208 966 devenerunt,
1244 903 1478 968 falsoque
1516 903 1783 962 Pasibula,
1820 918 1934 970 quoe
1971 911 2025 955 et
2063 904 2384 969 Glycerium,
2421 905 2733 956 credebatur

596 999 742 1035 soror
761 999 877 1034 esse
906 984 1178 1048 Chrysidis
1201 984 1268 1034 ob
1291 983 1565 1035 maximam
1599 983 2021 1035 familiaritatem.
2086 985 2198 1035 Illis
2230 1000 2435 1051 quoque
2468 985 2660 1036 diebus
2680 990 2733 1034 et

598 1065 844 1116 Chremes
865 1080 1101 1116 reversus
1118 1071 1218 1128 est,
1238 1072 1388 1130 pater
1408 1065 1693 1128 Pasibuloe,
1714 1081 1831 1116 cum
1850 1066 1952 1116 alia
1972 1066 2094 1129 filia,
2111 1066 2422 1117 Philumena
2444 1066 2731 1117 nominata.

596 1146 865 1207 Attamen,
887 1161 1005 1197 cnm
1040 1147 1189 1196 simul
1219 1162 1323 1197 una
1358 1147 1413 1196 in
1436 1146 1563 1197 urbe
1596 1147 1915 1212 habitarent,
1935 1148 2180 1198 Chremes
2205 1154 2262 1197 et
2300 1147 2407 1198 fllia
2438 1149 2550 1211 ejus
2582 1148 2731 1199 Basi-

597 1227 734 1292 bula,
766 1243 880 1292 quae
914 1236 971 1277 et
1008 1228 1329 1292 Glycerium,
1366 1244 1399 1278 a
1433 1228 1639 1279 nemine
1672 1228 2071 1293 agnoscebatur,
2098 1229 2234 1293 qnod
2270 1228 2378 1279 filia
2415 1229 2529 1292 ejus
2563 1234 2729 1280 esset.

592 1309 712 1358 Non
746 1310 883 1359 enim
917 1309 1324 1372 recognoscebat
1354 1309 1512 1374 illam,
1535 1310 1775 1375 quoniam
1807 1309 2081 1361 admodum
2116 1311 2331 1374 parvula
2359 1316 2497 1371 erat,
2520 1308 2728 1376 quando

592 1391 707 1454 ipse
751 1390 818 1442 ab
861 1390 1078 1439 Athenis
1121 1372 1448 1456 demigravit.
1512 1392 1632 1444 Quo
1679 1399 1912 1458 tempore
1955 1392 2096 1441 Simo
2134 1392 2342 1457 qnidam
2385 1390 2725 1442 Atheniensis

593 1471 926 1536 desponsavit
961 1470 1068 1521 filio
1103 1486 1198 1521 suo
1222 1466 1497 1536 Pamphilo
1526 1470 1684 1522 filiam
1703 1473 1989 1523 Chremetis
2012 1473 2388 1525 Philumenam.
2456 1474 2583 1535 Sed,
2606 1473 2726 1522 dum

556 1568 561 1573 ·
593 1565 710 1602 cnm
745 1551 860 1602 aliis
886 1552 1168 1617 juvenibus
1188 1552 1492 1617 Pamphilus
1523 1552 1590 1603 ad
1615 1552 1821 1602 domum
1843 1553 2108 1617 Chrysidis
2128 1554 2420 1603 meretricis
2444 1566 2725 1603 concurre·

591 1641 691 1696 ret,
715 1649 814 1683 non
839 1642 1056 1698 propter
1075 1634 1262 1698 ipsam,
1283 1635 1376 1685 sed
1399 1642 1619 1699 propter
1641 1634 1958 1698 Glycerium,
1980 1649 2098 1698 quas
2121 1632 2255 1684 falso
2286 1649 2432 1685 soror
2454 1633 2722 1696 Chrysidis

586 1715 918 1776 credebatur,
941 1716 1152 1766 nimium
1175 1717 1338 1766 iratus
1372 1720 1524 1781 pater
1555 1716 1667 1780 ejus
1704 1715 1843 1765 Simo
1880 1715 2143 1766 simulavit
2163 1730 2221 1769 se
2244 1715 2378 1765 velle
2410 1714 2623 1778 nuptias
2646 1729 2725 1765 ac·

589 1796 1139 1861 celerare,statuitque
1171 1796 1308 1847 diem
1348 1795 1666 1860 nuptiarum,
1688 1795 1896 1861 quando
1933 1793 2071 1845 filius
2103 1797 2214 1859 qius
2245 1794 2401 1844 filiam
2434 1793 2724 1845 Chremetis

593 1875 971 1937 Philumenam,
1005 1890 1157 1939 quam
1190 1877 1241 1926 ei
1263 1876 1693 1940 desponsaverat,
1715 1876 1953 1936 duceret,
1974 1874 2083 1926 filio
2114 1882 2282 1927 totum
2317 1876 2616 1939 ignorante,
2636 1889 2722 1924 vo-

587 1955 702 2005 lens
723 1952 964 2019 probare,
983 1955 1028 2021 si
1049 1966 1223 2004 verum
1242 1961 1401 2018 esset,
1418 1955 1556 2022 qnod
1579 1955 1647 2005 de
1668 1954 1777 2005 filio
1798 1954 2060 2019 audiebat,
2084 1955 2315 2006 dumille
2336 1963 2425 2005 aut
2446 1950 2723 2020 sperneret

587 2035 948 2085 Philumenam
981 2041 1193 2099 propter
1224 2042 1454 2086 scortum
1489 2050 1606 2101 qum
1641 2035 1911 2086 dicebatur
1933 2034 2236 2099 Glycerium
2269 2034 2540 2086 autetiam
2560 2034 2721 2084 duce-

586 2122 687 2165 ret.
757 2115 996 2165 Habebat
1029 2123 1201 2165 autem
1234 2115 1480 2166 libertum
1517 2130 1664 2166 sunm
1704 2115 1909 2169 nomine
1931 2114 2126 2165 Sosiam
2161 2121 2215 2165 et
2250 2129 2455 2165 servum
2486 2115 2721 2176 Davum,

579 2209 798 2260 quorum
838 2195 1054 2245 consilio
1074 2195 1327 2246 credebat
1360 2195 1522 2247 filium
1556 2210 1729 2249 amare
1766 2195 2086 2260 Glycerium,
2109 2201 2184 2258 et,
2204 2195 2327 2246 dum
2358 2196 2435 2245 eis
2469 2193 2719 2245 manifes-

587 2281 768 2339 tasset,
786 2273 993 2342 quidam
1027 2275 1346 2325 renuntiavit
1377 2275 1549 2325 omnia
1580 2275 1874 2339 Pamphilo,
1894 2275 2000 2325 filio
2031 2274 2187 2326 illius.
2252 2276 2377 2339 Qui,
2404 2257 2529 2340 qui'a
2547 2273 2718 2324 fidem

580 2356 809 2406 habebat
838 2356 1137 2421 promissam
1174 2354 1444 2419 Glycerio,
1468 2355 1671 2420 juravit
1705 2356 1847 2405 nullo
1886 2355 2037 2405 modo
2075 2369 2190 2405 eam
2228 2354 2508 2406 dimittere.
2570 2355 2718 2404 Tunc

582 2438 765 2490 Davus
787 2437 1125 2486 astutissimus
1155 2436 1304 2486 dedit
1341 2436 1390 2484 ei
1411 2435 1701 2497 consilium,
1731 2443 1990 2500 quatenus
2024 2435 2374 2499 interrogatus
2396 2449 2426 2484 a
2448 2440 2606 2499 patre
2636 2434 2717 2484 Si·
2793 2498 2804 2511 .

580 2526 754 2580 mnne,
775 2517 819 2566 si
843 2517 1004 2567 vellet
1035 2517 1395 2585 Philumenam
1427 2514 1639 2579 ducere,
1660 2529 1761 2564 non
1782 2522 2113 2579 repugnaret,
2133 2516 2226 2566 sed
2265 2530 2321 2565 se
2344 2516 2478 2565 velle
2502 2514 2717 2565 obedire

579 2598 807 2660 diceret,
849 2598 1027 2662 sicque
1071 2597 1278 2647 delusus
1312 2604 1468 2661 pater
1509 2598 1844 2661 prolongaret
1882 2597 2023 2661 ipsas
2055 2597 2301 2661 nuptias;
2345 2596 2525 2661 sicque
2561 2594 2715 2646 fecit.

581 2679 688 2729 Sed
726 2679 991 2736 Chremes,
1027 2684 1084 2727 ut
1108 2678 1237 2727 vidit
1275 2684 1452 2728 natum
1491 2678 1763 2741 puerulum
1796 2691 1864 2727 ex
1901 2677 2166 2742 Glycerio,
2190 2678 2450 2728 recusavit
2480 2676 2716 2741 nuptias,

577 2761 818 2825 ignorans
841 2760 1143 2823 Glycerium
1166 2760 1325 2809 filiam
1359 2774 1476 2810 esse
1508 2773 1671 2810 suam.
1736 2759 1881 2809 Tunc
1916 2759 2166 2822 temporis
2188 2758 2492 2823 supervenit
2512 2758 2582 2807 ab
2605 2755 2713 2807 An-

579 2843 675 2893 dro
700 2843 778 2891 vir
795 2842 1000 2891 nomine
1024 2841 1194 2900 Crito,
1217 2847 1465 2904 cognatus
1498 2839 1664 2904 patris
1700 2836 2002 2902 Chrysidis3
2032 2846 2212 2904 atque,
2233 2840 2354 2888 dum
2387 2838 2526 2889 inter
2543 2838 2715 2888 Simo·

579 2937 698 2972 nem
740 2931 800 2972 et
844 2923 1168 2972 Chremetem
1211 2921 1648 2984 Pamphilumque
1692 2919 1965 2969 altercatio
2010 2924 2171 2984 esset,
2208 2919 2522 2984 nimiumque
2566 2920 2711 2969 Simo

575 3002 738 3054 iratus
762 3010 900 3053 esset
918 3003 1026 3053 filio
1048 3018 1141 3052 suo
1163 3001 1456 3066 Pamphilo,
1476 3000 1691 3050 advenit
1728 3001 1874 3050 Crito
1895 2997 2125 3049 Andr-ius
2156 3006 2213 3050 et
2235 2999 2448 3050 edocuit
2479 3001 2585 3050 ista
2606 3015 2712 3051 om·

578 3083 664 3131 nia
693 3082 929 3146 superius
953 3082 1113 3145 dicta,
1133 3082 1435 3146 Glycerium
1474 3080 1722 3131 videlicet
1758 3079 1916 3131 filiam
1955 3095 2071 3131 esse
2103 3081 2409 3130 Chremetis.
2475 3081 2566 3144 Et,
2589 3080 2712 3147 quia

575 3161 904 3225 Philumena,
923 3178 1075 3227 quam
1100 3164 1149 3212 ei
1173 3168 1326 3226 pater
1357 3162 1784 3226 desponsaverat,
1806 3176 1949 3212 soror
1981 3168 2097 3212 erat
2132 3161 2386 3225 Glycerii‚
2408 3161 2630 3226 placuit,
2653 3167 2711 3211 nt

572 3241 879 3305 Pamphilus
901 3242 1200 3307 Glycerium
1219 3242 1436 3293 haberet
1454 3256 1471 3303 ς
1505 3243 1866 3294 Philumenam
1882 3257 2007 3293 vero
2028 3241 2175 3293 dedit
2194 3242 2438 3303 Chremes
2461 3242 2707 3306 Charino,

573 3323 663 3386 qni
685 3336 799 3372 eam
821 3322 1011 3374 ducere
1026 3323 1250 3375 volebat.

507 3401 700 3452 Sensus
737 3418 860 3454 vero
891 3404 1054 3455 totins
1097 3403 1287 3455 fabulae
1324 3405 1424 3455 iste
1449 3410 1550 3468 est,
1572 3404 1664 3455 sed
1706 3405 1947 3456 Comicus
1990 3405 2119 3455 miro
2141 3419 2255 3454 eam
2290 3402 2529 3453 dilatavit
2550 3404 2705 3454 modo

572 3484 838 3547 multaque
875 3484 1091 3535 honesta
1123 3486 1356 3536 inseruit.
1422 3484 1750 3550 Argumenta
1787 3492 1844 3536 et
1876 3488 2120 3551 prologos
2157 3486 2281 3536 licet
2305 3485 2509 3549 qnidam
2552 3479 2703 3534 autu-

570 3571 716 3613 ment
752 3578 786 3613 a
822 3564 1074 3628 Caliopio,
1111 3566 1223 3630 ejus
1258 3565 1559 3629 recitatore,
1588 3580 1704 3616 esse
1741 3567 2075 3631 compositos,
2103 3573 2275 3616 tamen
2311 3564 2600 3628 sciendum,
2636 3563 2700 3614 ab

572 3644 758 3694 eodem
795 3645 1007 3699 Comico
1038 3645 1196 3696 fuisse
1235 3646 1568 3711 compositos,
1592 3653 1740 3697 teste·
1763 3647 2047 3709 Prisciano,
2079 3648 2166 3712 qui
2203 3646 2510 3697 versiculum
2549 3645 2699 3710 primi

570 3725 769 3790 prologi
797 3724 853 3775 in
884 3727 1174 3790 exemplum
1212 3729 1386 3777 sumit.
1456 3726 1521 3776 In
1559 3727 1787 3791 prologis
1819 3734 1993 3778 autem
2016 3728 2142 3777 nihil
2165 3727 2304 3777 aliud
2330 3727 2581 3790 ostendit,
2602 3727 2697 3777 nisi

569 3804 706 3870 quod
729 3805 921 3855 aemulis
947 3812 1002 3856 et
1024 3806 1480 3870 reprehensoribus
1512 3807 1620 3857 suis
1648 3809 1956 3873 respondet,
1978 3809 2153 3875 sicque
2175 3809 2248 3858 ibi
2286 3808 2352 3859 de
2384 3822 2441 3858 se
2465 3806 2613 3873 quasi
2630 3810 2696 3858 de

566 3884 672 3934 alio
709 3884 954 3950 loquitur.
1018 3886 1157 3936 Illud
1195 3900 1416 3952 quoque,
1455 3888 1592 3952 qnod
1631 3889 1683 3937 in
1720 3886 1825 3938 fine
1864 3890 2092 3940 omnium
2121 3884 2422 3940 'fabularum
2454 3889 2693 3950 habetur,

567 3963 731 4013 verba
751 3973 872 4014 sunt
895 3966 1135 4031 Caliopii,
1168 3967 1280 4030 ejus
1314 3966 1645 4028 recitatori83
1678 3969 1786 4034 qui,
1806 3968 1926 4019 dum
1961 3969 2188 4020 fabulam
2210 3971 2560 4033 terminasset,
2592 3970 2691 4020 ele·

499 4111 507 4119 .
565 4043 726 4093 vabat
756 4045 953 4096 auleam
976 4049 993 4075 ¹
1031 4061 1201 4097 scenae
1235 4052 1291 4096 et
1327 4046 1690 4112 alloquebatur
1711 4039 1957 4116 populum
1996 4052 2205 4103 dicens:
2239 4054 2345 4104 Vos
2379 4054 2569 4116 valete,
2598 4065 2688 4100 vos

504 4125 508 4129 “
564 4124 826 4188 plaudite;
857 4126 965 4177 sive
990 4128 1184 4180 Favete
1206 4135 1262 4177 et
1283 4128 1536 4193 plaudite.

1129 4229 1154 4274 1
1191 4226 1334 4290 Lege
1351 4229 1518 4280 aum.
1552 4227 1674 4279 Vi'd.
1696 4229 1861 4282 Praef.
1889 4231 2064 4283 Brutus.
