3050 4942
941 434 1285 486 ammom
1332 434 1497 484 Aer.
1534 437 1602 484 v,
1650 436 1756 486 sc.
1802 435 1904 484 ιν.
2392 425 2522 492 513

328 576 530 658 Quae,
562 597 716 668 cum
743 583 1039 643 amatore
1068 589 1190 645 suo
1221 598 1371 643 cum
1398 584 1704 656 coenant,
1724 580 2059 663 liguriunt.

326 680 594 745 Harum
626 679 849 745 videre
880 677 1263 763 ingluviem,
1293 681 1552 759 sordeS,
1580 682 1873 765 inopiam
1900 703 1918 762 ;
2432 685 2522 750 15

325 780 554 861 Quam
582 782 941 849 inhonestae
971 782 1136 846 solae
1170 784 1305 847 sint
1333 782 1535 861 domi,
1566 788 1765 866 atque
1794 785 2012 850 avidae
2040 785 2215 866 cibi;

324 881 487 962 Quo
517 891 720 968 pacto
745 902 832 947 ex
850 883 1000 967 jure
1028 883 1341 950 hesterno
1373 906 1615 971 panem
1645 893 1858 952 atrum
1887 894 2149 969 vorent3

322 986 551 1051 Nosse
578 988 803 1052 omnia
829 986 998 1065 haec,
1027 988 1216 1052 salus
1239 995 1343 1053 est
1371 990 1920 1056 adolescentuliS.
1973 987 1980 995 ’

321 1151 501 1212 tantur,
519 1165 612 1199 non
630 1156 815 1213 vorant,
837 1153 922 1200 sed
941 1153 1064 1201 lente
1080 1158 1128 1201 et
1146 1153 1344 1205 delicate
1365 1157 1582 1206 suaviora
1601 1171 1795 1219 quoeque
1813 1171 1917 1205 cum
1936 1161 2144 1205 amatore
2164 1170 2246 1204 suo
2260 1160 2515 1207 mandunt.-

292 1212 488 1280 jltarum
507 1230 614 1265 vero
635 1217 745 1264 licet
766 1217 922 1266 videre
944 1217 1254 1269 insatiabilem
1271 1222 1596 1283 voracitatem,
1617 1221 1952 1277 immunditias,
1977 1225 2244 1281 egestatem,
2259 1237 2365 1270 cum
2391 1222 2519 1271 domi

318 1284 444 1328 sunt.
486 1338 496 1354 ι
515 1281 667 1336 Quam
689 1281 927 1343 obscoeuoe,
949 1297 1088 1345 quam
1105 1285 1238 1345 guloe
1259 1287 1448 1347 dedita,
1485 1302 1575 1349 quo
1606 1291 1744 1349 pacto
1761 1286 1892 1346 J'uris
1927 1286 2135 1333 hesterni
2164 1301 2333 1348 panem
2361 1293 2517 1335 atrum

318 1339 599 1407 deglutmnt.
665 1345 793 1398 Hoec
822 1348 979 1398 omnia
1010 1348 1230 1398 didicisse
1266 1366 1360 1400 uon
1395 1351 1531 1399 modo
1567 1352 1701 1416 utile,
1722 1352 1805 1399 scd
1822 1351 2119 1411 salutiferum
2136 1351 2515 1401 adolescentibus.

1253 1483 1344 1503 ΟΝ

317 1586 459 1643 etus,
493 1595 698 1632 versum
735 1584 872 1633 bunc
909 1583 962 1633 in
1001 1585 1331 1636 Morbouiam
1352 1586 1615 1651 ablegatis.
1680 1586 1935 1651 Agnoscit
1956 1586 2207 1645 Donatus,
2230 1590 2520 1648 agnoscunt

317 1646 541 1697 Codices
563 1648 692 1698 Mss.
761 1650 848 1711 Et,
870 1649 913 1698 si
936 1651 1275 1714 oppositionis
1296 1654 1464 1714 legem
1486 1652 1803 1712 consideres,
1823 1651 2230 1714 appositissimus
2253 1657 2352 1699 est.
2388 1650 2516 1697 Var-

315 1724 379 1762 ro
400 1710 469 1760 de
491 1713 552 1761 R.
580 1713 740 1763 R.111.
761 1718 842 1763 16.
868 1714 935 1763 de
958 1716 1137 1778 apibus
1162 1731 1177 1764 ε
1233 1717 1254 1745 ‘
1276 1718 1417 1778 Non,
1447 1723 1507 1765 ut
1543 1731 1733 1765 muscae
1770 1717 2037 1779 liguriunt,
2075 1714 2211 1779 quod
2249 1729 2400 1764 nemo
2423 1715 2515 1763 bas

319 1775 486 1839 videt,
507 1782 567 1825 nt
603 1778 715 1826 illas
740 1777 792 1826 in
827 1791 982 1828 carne
1010 1786 1100 1829 aut
1137 1781 1400 1841 sanguiue,
1439 1787 1531 1829 aut
1565 1781 1735 1843 adipe.
1806 1780 1935 1830 Ideo
1958 1779 2109 1828 modo
2132 1778 2429 1839 considunt,
2461 1779 2516 1827 in

310 1853 425 1904 ‘quo
445 1848 527 1890 est
546 1856 699 1905 sapor
720 1842 920 1893 duleis!
985 1845 1188 1906 Malim,
1208 1845 1271 1893 In
1291 1860 1344 1894 eo
1372 1847 1506 1893 modo
1530 1847 1797 1896 considunt.
1862 1843 1965 1893 Ubi
1987 1845 2050 1894 P.
2072 1845 2335 1892 Victorius
2359 1858 2518 1892 auno-

319 1910 430 1955 tat:
463 1907 482 1935 ‘
503 1908 624 1955 Duo
647 1921 702 1954 rr
722 1909 820 1957 boc
854 1908 1064 1958 verbum
1103 1910 1295 1958 habere
1328 1909 1382 1958 in
1421 1910 1634 1972 optimis
1670 1907 2048 1971 exemplaribus
2084 1916 2140 1957 et
2162 1908 2261 1968 bic,
2284 1915 2338 1958 et
2375 1908 2516 1969 apud

314 1970 613 2020 Terentium
636 1972 909 2021 observavi
941 1976 995 2022 in
1028 1974 1298 2033 Eunucho,
1318 1974 1438 2030 Quoe
1452 1989 1558 2022 cum
1573 1980 1783 2023 amatore
1797 1988 1877 2021 suo
1895 1989 2000 2021 cum
2018 1978 2217 2032 cer-nant,
2239 1973 2517 2034 ligurriuut.

318 2033 610 2096 Isigurriuut
633 2036 788 2094 enim,
823 2034 1066 2086 flosculos
1090 2039 1355 2101 epularum
1379 2037 1617 2099 carpunt,
1642 2045 1697 2087 et
1728 2037 2054 2088 delicatiores
2091 2038 2252 2099 dapes
2283 2037 2515 2084 studiose

319 2099 622 2148 sectantur.'
684 2100 788 2149 Sed
813 2108 868 2150 et
904 2102 1123 2165 plusculi
1160 2105 1289 2151 Mss.
1310 2102 1504 2152 habent
1540 2103 1819 2164 liguoriunt.
1885 2102 1948 2150 In
1972 2102 2087 2150 aliis
2104 2108 2217 2150 est:
2259 2102 2380 2156 Quoe
2411 2116 2517 2148 cum

316 2168 553 2212 amatores
572 2179 680 2213 suos
716 2170 905 2226 vocant,
938 2167 1192 2226 liguriunt.
1228 2166 1389 2216 West.
1455 2167 1641 2217 Lectio
1681 2165 1808 2216 Vet-
1843 2166 1972 2217 Cod.
2007 2181 2110 2215 cum
2145 2170 2379 2214 amatores
2412 2179 2519 2213 suos

320 2233 508 2288 vocant,
528 2228 616 2289 lig.
647 2243 752 2277 non
776 2230 926 2278 mala.
960 2230 1103 2279 Lina.
1173 2231 1293 2287 Quae
1312 2247 1417 2280 cum
1438 2237 1649 2281 amatore
1666 2246 1747 2280 suo
1767 2246 1872 2280 cum
1888 2235 2089 2293 coeuant,
2109 2229 2367 2292 liguriunt]
2389 2230 2516 2276 Tres

320 2291 666 2355 antiquissimi
686 2291 805 2341 libri
828 2294 1090 2355 ligurriuut
1115 2309 1210 2357 per
1231 2296 1335 2344 duo
1354 2311 1382 2344 r
1403 2295 1660 2346 scribunt.
1727 2288 1920 2345 Posse-t
1940 2309 2067 2367 ergo
2099 2294 2183 2343 hic
2206 2308 2385 2342 versus
2405 2309 2517 2342 sus-

319 2357 517 2406 tentari
538 2358 664 2406 eliso
687 2372 784 2422 per
804 2359 1102 2423 parellipsin
1125 2362 1293 2409 altero
1328 2374 1393 2409 ex
1415 2361 1490 2412 eis
1513 2377 1532 2410 ι
1561 2360 1745 2412 melius
1779 2366 1954 2410 tamen
1990 2367 2069 2409 est
2103 2359 2368 2407 retrahere
2409 2357 2524 2407 dic-t

318 2420 512 2471 tionem
533 2423 616 2471 suo'
629 2438 650 2482 ,·
685 2437 797 2484 quae
822 2437 919 2472 nec
942 2424 994 2473 in
1017 2423 1106 2473 vi.
1131 2432 1214 2473 est
1235 2426 1335 2473 nisi
1357 2426 1731 2488 superaddita:
1765 2440 1863 2474 nec
1888 2438 2012 2473 saue
2034 2423 2205 2473 sensui
2236 2430 2316 2471 est
2339 2436 2516 2471 neces·

318 2486 472 2535 saria.
507 2487 601 2536 Fa.
669 2486 818 2536 Libri
836 2486 948 2536 fere
970 2502 1143 2536 omnes
1168 2504 1272 2537 cum
1293 2496 1501 2539 amatore
1520 2505 1637 2540 suo.-
1671 2490 1805 2553 quod
1842 2490 1924 2537 vir
1953 2488 2184 2538 eruditus
2219 2488 2270 2534 in
2312 2493 2516 2535 textum

321 2550 548 2612 admisit,
582 2556 639 2601 et
672 2550 912 2611 liguriunt
950 2552 1138 2602 scribit
1167 2552 1390 2602 secunda
1422 2554 1585 2602 brevi.
1647 2554 1748 2602 Sed
1786 2554 2004 2601 laterem
2043 2550 2282 2614 profecto
2318 2551 2516 2611 lavant,

313 2615 627 2679 quicumque
651 2615 769 2665 huic
794 2616 968 2666 versui
990 2615 1234 2667 medicari
1255 2619 1489 2679 cupiunt.
1556 2619 1637 2668 Ex
1672 2616 2033 2679 Liudeubrogii
2070 2614 2250 2664 codice
2284 2613 2336 2661 id
2373 2614 2517 2662 colli-

315 2690 429 2740 με,
444 2676 964 2739 Anuotatiunculam‚
980 2680 1105 2729 olim
1128 2681 1446 2730 interlineas
1471 2681 1689 2742 factam,
1712 2681 1763 2728 in
1787 2688 1986 2730 textum
2009 2687 2193 2743 postea
2213 2678 2516 2740 irrepsisse;

317 2748 376 2793 et
420 2755 516 2805 pro
556 2744 701 2793 vario
746 2744 1088 2794 Librariorum
1125 2752 1283 2808 captu
1322 2748 1376 2794 in
1419 2746 1608 2794 senarii
1646 2759 1884 2794 numeros
1922 2744 2206 2794 redactam.
2241 2743 2392 2791 Bent.
2426 2744 2516 2805 qui

315 2807 769 2920 {ifflupt·ediqit
791 2816 844 2899 e‘t
868 2807 1104 2858 defendit
1125 2827 1146 2887 :-
1172 2810 1261 2858 sed
1302 2817 1467 2859 totum
1499 2824 1704 2858 versum
1744 2810 1953 2859 damnat
1975 2816 2029 2858 et
2054 2808 2266 2920 uncinisi
2275 2807 2513 2883 includit.

317 2936 405 2985 ω
441 2874 1073 3001 023122213821113'2232223
1079 2873 1886 3001 qiffpsiiikissssssffissssiffhfissss
1907 2880 2257 2988 32¹⁸.?.¹2¹1¹1‘3‡'1‘ae
2270 2878 2514 2999 ²353.ssssss

316 3001 574 3064 expungit
604 3007 663 3050 ut
702 3001 977 3065 ingestum.
1042 3003 1270 3065 Ligurire
1304 3011 1404 3066 est,
1436 3004 1599 3053 multo
1638 3002 1850 3051 fastidio
1895 3003 2130 3052 suaviora
2171 3017 2389 3065 quaeque
2426 3001 2514 3048 de-

317 3067 548 3128 gustare.
617 3066 716 3115 Est
753 3080 785 3113 a
821 3065 977 3127 λίγυς,
996 3070 1220 3129 ,suavis;
1256 3083 1361 3116 non
1392 3084 1422 3117 a
1448 3066 1635 3130 λίχνος,
1666 3066 1911 3131 gulosus?
1979 3068 2135 3123 Quam
2154 3081 2257 3115 cum
2279 3081 2324 3113 a.
2346 3082 2387 3113 c.
2408 3081 2514 3114 cum

316 3130 577 3190 ligurriunt
599 3129 691 3180 dat
714 3131 871 3181 Both.
893 3137 1171 3197 notatque:
1207 3139 1221 3161 ‘
1244 3134 1426 3195 Vulgo,
1443 3133 1566 3189 Quoe
1588 3147 1692 3182 cum
1713 3148 1760 3181 a.
1780 3148 1886 3182 cum
1904 3149 1947 3182 c.
1978 3131 2265 3195 ligur-rium.-
2300 3147 2416 3194 quae
2440 3131 2514 3179 ita

315 3194 667 3259 displicebant
688 3193 899 3260 (merito
921 3205 1093 3246 autem
1117 3197 1488 3261 displicebant)
1511 3198 1774 3259 Bentleio‚
1807 3204 1865 3247 ut
1897 3197 2399 3249 totum‘versiculum
2425 3195 2514 3245 de·
2593 3199 2597 3204 ’

314 3258 427 3309 lere
450 3275 605 3325 quam
632 3260 910 3310 emendare
931 3263 1144 3311 mallet:
1179 3262 1328 3311 nimis
1361 3263 1527 3312 calide
1550 3264 1648 3311 hoc
1680 3263 1902 3324 quidem.
1973 3264 2175 3311 Novum
2201 3268 2374 3309 autem
2401 3275 2513 3308 ora-

313 3323 470 3374 tionis
491 3324 780 3374 membrum
803 3326 964 3387 incipi
988 3327 1158 3375 verbis
1191 3328 1208 3354 ‘
1233 3329 1349 3376 Nec
1372 3326 1575 3389 magis‚'
1608 3326 1827 3374 maxime
1845 3328 1915 3388 τῷ
1946 3326 2254 3389 ‘quicquam
2272 3324 2287 3346 ’
2324 3325 2514 3373 intelli-

315 3388 490 3452 gitur:
522 3389 659 3453 quod
681 3390 724 3437 si
747 3390 969 3449 abesset,
1004 3399 1145 3438 recte
1178 3405 1280 3438 uno
1313 3396 1495 3439 tenore
1517 3389 1816 3438 dicerentur
1838 3389 1960 3437 illa:
1992 3390 2009 3415 ‘
2033 3390 2105 3437 nil
2128 3388 2333 3436 videtur
2366 3402 2512 3436 muu-

315 3453 450 3515 dius,
484 3454 599 3504 Nec
619 3453 783 3515 magis
805 3454 1166 3516 compositum,
1198 3468 1296 3502 nec
1328 3454 1490 3516 magis
1530 3455 1740 3515 elegans
1757 3452 1791 3501 ε’
1824 3467 1959 3501 nuuc
1981 3453 2176 3502 minus?
2227 3452 2515 3513 Liguri-iuvit

313 3517 409 3570 ΒΥ.
439 3518 572 3583 Eug.
612 3526 670 3568 et
697 3518 843 3568 Perl.
878 3517 969 3580 qui
999 3517 1195 3570 omittit
1215 3521 1444 3567 suo.·-—l5
1478 3515 1770 3578 Ingluviem]
1804 3517 1892 3567 lta
1928 3516 2366 3581 prestantissimae
2404 3516 2516 3565 edi·

315 3581 507 3644 tiones,
545 3584 625 3634 St.
648 3581 793 3644 Aldi,
825 3581 972 3633 Junt.
1003 3583 1221 3646 aliaeque
1254 3582 1590 3642 vetustiores,
1624 3582 1779 3630 etiam
1816 3583 1924 3631 ΕΡ.
1959 3597 2074 3631 cum
2098 3583 2222 3631 Mss.
2261 3581 2511 3644 plurimis·

313 3646 546 3696 Faernus
569 3654 743 3697 tamen
766 3653 944 3696 tuetur
964 3647 1187 3697 illuviem.
1254 3646 1317 3695 In
1341 3647 1442 3696 Ms.
1466 3646 1609 3710 Lips.
1637 3653 1720 3695 est
1737 3646 1975 3695 inluviem.
2019 3646 2105 3695 Ita
2129 3653 2185 3695 et
2206 3645 2307 3694 duo
2333 3644 2512 3693 Leidd.

317 3717 375 3760 et
411 3709 512 3761 fuit
550 3711 603 3759 in
642 3712 829 3772 tertio;
867 3712 1005 3760 unde
1044 3718 1224 3774 postea
1262 3710 1537 3761 formatum
1576 3710 1816 3769 {glaciem
1884 3711 2002 3760 Duo
2040 3711 2256 3772 diserte,
2291 3710 2512 3758 illuviem.

316 3775 485 3825 West.
548 3775 774 3825 Videtur
807 3781 823 3805 ‘
846 3775 1129 3838 ingluvies’
1160 3776 1305 3825 dicta
1326 3775 1490 3840 quasi,
1510 3776 1809 3839 inguluvies‚
1834 3790 1861 3823 a
1887 3775 2023 3839 gula.
2091 3775 2160 3825 G.
2184 3781 2239 3823 et
2258 3775 2381 3823 EM.
2402 3773 2512 3822 illu-

313 3840 472 3889 viemt
507 3839 645 3903 quod
667 3846 845 3890 tuetur
864 3840 1107 3891 Gifanius
1141 3841 1193 3889 iu
1233 3840 1350 3890 Iud.
1376 3844 1588 3891 Lucret.
1624 3841 1702 3889 Id.
1726 3842 1777 3889 in
1799 3842 1927 3890 Add.
1995 3839 2334 3888 Paucissimos
2357 3838 2514 3887 libros

314 3903 539 3968 scriptos
577 3904 828 3966 invenias,
861 3906 912 3953 in
941 3907 1126 3970 quibus
1162 3920 1258 3968 pro
1293 3905 1551 3968 ingluviem
1571 3920 1672 3954 nou
1696 3907 1896 3967 legatur
1914 3905 2138 3966 illuviem,
2172 3904 2252 3953 vel
2274 3902 2515 3964 inluviem,

314 3974 377 4017 ut
410 3969 462 4017 in
491 3968 725 4017 omnibus
764 3970 1019 4033 antiquis:
1059 3978 1111 4019 et
1144 3981 1273 4019 saue
1305 3971 1380 4019 ita
1409 3971 1684 4033 legendum
1709 3985 1822 4019 esse
1845 3970 2000 4019 etiam
2025 3971 2139 4032 ipsa
2162 3970 2513 4031 oppositorum

315 4032 455 4081 ratio
479 4033 707 4095 ordoque
731 4035 975 4083 ostendit.
1009 4035 1101 4084 Fa.
1169 4035 1337 4083 Etiam
1371 4050 1436 4084 ex
1476 4036 1667 4084 nostris
1691 4035 1922 4099 plerique
1944 4034 2196 4091 inluviem,·
2229 4039 2284 4081 et
2307 4038 2512 4080 senten-

317 4097 395 4147 tia
434 4096 489 4145 id
527 4094 747 4159 flagitat.
799 4099 947 4149 Bent.
1030 4099 1273 4161 Iltuvicm]
1312 4101 1578 4161 Ingluviem
1610 4099 1812 4156 ‘habent
1852 4099 2139 4147 deteriores
2177 4098 2317 4145 libri.
2355 4097 2418 4145 R.
2441 4097 2510 4144 D.

313 4157 472 4211 Bent.
508 4161 673 4211 edidit
691 4162 917 4225 illuviem,
947 4163 1082 4212 hattd
1108 4171 1269 4214 recte.
1302 4166 1419 4226 Rip.
1487 4165 1709 4213 Illuviem
1731 4164 1855 4211 dant
1877 4164 1967 4212 Br.
1992 4164 2053 4213 Z.
2076 4163 2364 4211 Boou—16
2399 4159 2514 4209 Sint

315 4226 431 4280 σοῖο
453 4227 740 4276 Rutu—1⁷
776 4228 999 4277 Linacer
1018 4243 1119 4278 cum
1147 4230 1262 4290 jure
1284 4228 1433 4290 legit.
1469 4230 1621 4280 West.
1686 4228 2064 4290 Praepositione
2090 4229 2106 4256 ‘
2128 4225 2223 4276 ex'
2259 4226 2332 4275 sic
2370 4240 2512 4288 saepe

317 4296 540 4342 utuntur
561 4291 766 4342 medici.
805 4292 871 4343 R.
895 4293 1100 4343 D.--18
1131 4295 1317 4346 Mallet
1335 4294 1576 4356 Guyetus
1597 4294 1650 4343 iu
1671 4293 1889 4344 Scholiis
1912 4293 2040 4343 Μεε.
2072 4290 2429 4346 adolescentuli.-
2455 4298 2513 4341 nt

450 4371 626 4439 Delph.
647 4378 695 4423 et
720 4373 835 4426 Var.
853 4374 982 4427 clm.
1338 4374 1525 4426 Terent.
2264 4375 2296 4422 2
2330 4371 2382 4421 K
