3050 4942
981 355 1295 409 Annum:
1343 361 1507 409 Ac'r.
1558 362 1603 407 1.
1654 363 1759 417 sc.
1807 365 1924 415 111.
2428 356 2560 423 295

355 491 465 559 Ad
493 496 640 565 haec
670 497 848 567 mala
873 500 1000 567 hoc
1030 502 1194 573 mihi
1225 505 1485 575 accedit
1512 507 1749 575 etiam:
1795 510 1944 577 haec
1973 509 2253 594 Andria,
2466 519 2553 584 10

354 590 511 662 Sive
535 600 666 665 ista
697 621 888 680 uxor,
921 603 1066 669 sive
1104 608 1323 672 amica
1354 614 1477 687 est,
1509 611 1783 693 gravida
1814 633 1852 677 e
1884 613 2244 699 Pamphilo
2273 625 2398 685 est.

348 698 740 787 Audireque
768 724 1002 771 eorum
1033 714 1134 773 est
1163 729 1388 792 operae
1418 714 1715 795 pretium
1743 716 2142 785 audaciam:

351 800 536 867 Nam
561 804 855 889 inceptio
877 806 962 876 ’st
991 813 1378 893 amentium,
1409 814 1591 882 haud
1622 820 2001 884 amantium.

352 902 701 990 Quicquid
731 913 1126 994 peperisset,
1155 902 1595 984 decreverunt
1624 922 1878 986 tollere:

304 1078 309 1083 .
347 998 438 1071 Et
464 1006 718 1091 fingunt
746 1015 1073 1097 quandam
1104 1017 1277 1083 inter
1306 1040 1380 1086 se
1407 1041 1582 1107 nunc
1608 1022 1975 1104 fallaciam,
2461 1027 2551 1093 15
2641 1101 2646 1105 ,

347 1107 584 1173 Civem
615 1110 916 1180 Atticam
944 1137 1092 1183 esse
1119 1120 1311 1185 hanc.
1403 1121 1562 1189 Fuit
1591 1126 1753 1189 olim
1785 1125 2059 1210 quidam
2090 1145 2315 1204 senex,

347 1208 732 1279 Mercator:
778 1236 1019 1284 navem
1047 1221 1107 1285 is
1131 1222 1329 1306 fregit
1360 1227 1540 1310 apud
1569 1226 1869 1295 Andrum
1897 1228 2222 1294 insulam:

346 1310 423 1375 Is
450 1313 619 1379 obiit
645 1325 963 1386 mortem:
1006 1323 1101 1386 ibi
1132 1330 1269 1391 tum
1297 1326 1472 1392 hanc
1505 1329 1785 1413 ejectam
1818 1327 2163 1413 Chrysidis

341 1413 612 1481 Patrem
638 1422 993 1504 recepisse,
1024 1427 1276 1506 orbam,
1306 1448 1630 1511 parvam:
1675 1431 1966 1499 fabulae!

343 1515 522 1583 Mihi
549 1521 823 1604 quidem
846 1524 1070 1591 hercle
1098 1547 1229 1593 non
1252 1529 1331 1595 fit
1352 1533 1755 1614 verisimile;
1800 1533 1988 1617 atqui
2010 1533 2181 1618 ipsis
2208 1553 2544 1599 commen·
2603 1607 2608 1611 ,

600 1629 741 1688 tum
769 1625 1021 1708 placet.
2091 1664 2096 1671 ·
2454 1638 2545 1701 20

340 1720 477 1786 Sed
510 1721 736 1809 Mysis
766 1728 851 1792 ab
883 1748 965 1794 ea
994 1732 1344 1815 egreditur.
1435 1735 1527 1802 At
1558 1756 1683 1820 ego
1713 1737 1869 1802 hinc
1896 1757 2003 1802 me
2035 1737 2123 1804 ad
2150 1738 2392 1816 forum,
2423 1744 2498 1803 ut

335 1917 389 1966 in
418 1918 681 1980 pistrinum
706 1925 864 1976 dedat.
930 1928 1015 1978 Ad
1041 1929 1140 1979 hoee
1159 1932 1283 1981 mala
1304 1932 1390 1982 hoe
1409 1933 1530 1982 nihi
1549 1933 1731 1984 aceedit
1749 1934 1911 1995 diam,
1933 1936 2057 1998 qued
2087 1934 2188 1985 haee
2207 1934 2413 1997 Andria
2434 1934 2534 1985 siue

330 1982 428 2032 ista
446 2000 575 2034 uxor
590 1993 680 2047 est,
698 1989 796 2039 sive
810 1991 983 2056 amica,
998 2009 1025 2044 e
1043 1996 1288 2059 Pamphilo
1305 1998 1509 2058 gravida
1525 2004 1596 2048 est
1609 2016 1627 2049 .·
1649 2005 1696 2048 et
1710 2005 1782 2049 est
1798 2001 2004 2063 pretium
2019 2015 2173 2064 operoe
2180 1999 2533 2076 jucundumque

329 2049 499 2098 audire
521 2064 679 2101 eorum
709 2056 970 2108 audaciam.
1041 2060 1168 2108 Num
1188 2076 1242 2110 eu
1263 2075 1341 2110 res
1361 2063 1566 2126 inceptio
1587 2070 1658 2113 est
1680 2065 1953 2127 amentium,
1973 2079 2064 2113 non
2082 2065 2340 2114 amantium
2353 2079 2374 2122 ,·
2406 2080 2537 2127 quw·

329 2113 445 2174 quia
453 2118 730 2180 peperisset,
743 2120 844 2169 sive
863 2124 1135 2183 mentham,
1153 2125 1530 2190 sivefoeminam‚
1546 2130 1848 2181 decreverunt
1868 2131 2066 2179 educare
2080 2146 2101 2189 ,-
2131 2135 2181 2179 et
2186 2128 2385 2194 fingunt
2409 2144 2533 2206 naue

329 2177 459 2226 inter
477 2194 531 2228 se
550 2184 1058 2251 quandamsallaciam,
1073 2191 1249 2239 dicturi
1269 2192 1401 2241 illam
1426 2193 1702 2257 Glycerium
1722 2195 1869 2243 civem
1890 2209 1987 2244 esse
2007 2194 2236 2244 Atticam.
2282 2195 2403 2242 Fuit
2418 2195 2533 2243 olim

329 2242 525 2305 quidam
552 2260 699 2296 senex
735 2256 965 2300 mereator
980 2268 998 2302 .-
1029 2253 1093 2316 is,
1129 2268 1247 2304 nave
1269 2256 1456 2321 fracta,
1488 2263 1765 2322 tempestate
1786 2262 1848 2307 ad
1886 2259 2104 2311 Andrum
2134 2260 2336 2308 insulam
2358 2258 2531 2319 eiectus

328 2312 417 2356 est·
485 2309 542 2359 Is
574 2314 676 2361 vita
708 2314 907 2364 decessit
920 2333 939 2365 .·
985 2315 1056 2365 iba·
1086 2322 1199 2368 tunc
1224 2326 1411 2382 patrem
1452 2322 1703 2387 Chrysidis
1737 2323 1873 2374 aiunt
1908 2325 2200 2389 Glycerium,
2236 2323 2432 2386 eJ'ectam
2466 2325 2531 2372 ad

325 2371 484 2431 littus,
502 2383 701 2438 parente
726 2378 887 2428 orbam
903 2379 955 2428 in
975 2396 1109 2431 suum
1128 2385 1323 2433 tutelam
1346 2387 1588 2450 recepisse.
1656 2389 1850 2438 Fabula
1869 2389 1969 2438 hoee
1983 2394 2110 2444 suut.
2174 2388 2305 2437 Mihi
2324 2389 2529 2452 quidem,

323 2450 410 2498 per
433 2438 710 2504 Herculem,
743 2458 834 2493 non
841 2444 911 2510 fit
932 2446 1186 2498 verisimile
1201 2464 1219 2498 .·
1247 2456 1566 2501 verumtamen
1591 2454 1675 2502 Ιιοσ
1706 2455 1827 2518 ipsis
1858 2459 2164 2503 commentum
2194 2455 2367 2517 placet.
2434 2453 2530 2502 Sed

327 2501 490 2566 Mysis
508 2521 536 2554 e
554 2507 689 2556 domo
717 2509 965 2575 Chrysidis
983 2513 1257 2575 egreditur:
1288 2520 1342 2564 ut
1363 2529 1448 2577 ego
1469 2516 1582 2566 ltine
1602 2520 1663 2567 ad
1673 2519 1838 2579 forum
1869 2534 1942 2568 me
1959 2517 2165 2580 confero.
2229 2518 2531 2582 Pamphilum

326 2755 412 2855 ἔξ,
432 2741 627 2857 ⁶6&AE
638 2745 1057 2862 2‘”.332¹;·*.1.23.
1072 2748 1217 2863 Edi}
1239 2750 2331 2879 &amittitis53¹2532222‘235552‘152.
2348 2749 2525 2862 {322⁸ss

326 2869 543 2929 legunt:
580 2873 640 2923 Si
659 2875 772 2925 ista.
836 2877 1069 2939 Scilicet,
1113 2886 1172 2929 ut
1213 2887 1382 2930 metro
1422 2883 1714 2940 cousulant,
1737 2880 2201 2930 Latinitatimiuus
2225 2880 2519 2931 consulunt.

332 2935 490 2986 West.
554 2937 614 2986 Si
644 2941 758 2989 vult
780 2945 836 2991 et
872 2942 1031 2993 Bent.
1057 2950 1112 2993 et
1132 2945 1356 3006 probant
1374 2946 1533 2996 Both.
1578 2955 1633 2996 et
1669 2947 1733 2996 R.
1750 2948 1949 2995 D.—1s
1974 2946 2075 2996 Gu.
2096 2951 2141 2994 l.
2186 2946 2400 3008 Namque
2420 2942 2523 2993 lune

323 2998 416 3049 inc.
437 3017 533 3052 am.
570 3008 659 3065 est,
691 3021 784 3055 non
817 3021 912 3056 unt.
975 3012 1026 3057 2.
1066 3009 1196 3058 Nam
1229 3011 1326 3060 ine.
1366 3010 1466 3060 ltoee
1501 3026 1594 3060 am.
1625 3016 1712 3072 est,
1737 3011 1862 3060 haud
1904 3026 1999 3060 um.
2044 3009 2202 3061 Both.
2269 3010 2373 3086 ζπσ.
2418 3006 2521 3084 Jtoee

326 3063 508 3114 Guelf.
546 3070 729 3119 2.—-16
781 3072 922 3120 Nunc
960 3080 1080 3135 post
1121 3073 1306 3138 ‘fing.’
1356 3075 1533 3126 Guelf.
1574 3081 1756 3126 2.--16
1805 3076 1984 3126 Voluit
2020 3076 2180 3125 Bent.
2220 3077 2334 3126 olum
2376 3073 2524 3123 que.-

324 3130 434 3178 acci
479 3133 589 3181 iunt
611 3134 767 3184 Both.
806 3136 1082 3186 Perl.—17
1115 3139 1292 3188 Navim
1329 3139 1504 3193 Guelf.
1526 3145 1710 3190 3.-19
1741 3141 1939 3191 Fabula
1967 3147 2079 3191 suat
2107 3141 2313 3192 id.-—2o
2343 3139 2521 3201 Atque.
2560 3193 2566 3199 ,

286 3193 299 3197 ’
325 3194 425 3244 Qui
469 3211 549 3244 am
575 3197 692 3247 libri
723 3201 940 3264 scripti:
976 3202 1109 3264 atquc·
1122 3219 1143 3262 ,·
1175 3203 1268 3253 sed
1291 3204 1481 3255 editam
1504 3207 1631 3257 lect.
1654 3207 1847 3257 retinet
1869 3208 2129 3256 Donatus.
2161 3206 2305 3256 Lina.
2371 3203 2516 3253 Tolle

321 3256 448 3309 illud
469 3261 643 3327 hercle,
663 3264 800 3328 quod
824 3274 878 3314 ct
909 3280 1116 3316 versum
1154 3275 1210 3318 et
1239 3271 1551 3319 sententiam
1590 3279 1791 3322 onerat.
1859 3271 2035 3357 Atque
2057 3285 2150 3346 pro
2174 3270 2306 3346 inihi
2322 3280 2517 3331 repone

319 3323 419 3386 Mi,
460 3335 517 3375 et
555 3341 650 3390 pro
686 3333 824 3392 atque
846 3345 966 3380 usus
1004 3333 1360 3383 antecedentis
1395 3336 1671 3398 particulae
1707 3338 1722 3366 ‘
1743 3335 1953 3400 quidem
2004 3343 2224 3399 requirit
2252 3339 2323 3383 ut.
2357 3333 2516 3382 Beut.

318 3388 479 3451 Atque
499 3391 582 3440 hic
604 3394 815 3457 ponitur
833 3409 947 3458 pro,
965 3402 1021 3445 et
1039 3403 1232 3460 tamen,
1249 3406 1304 3446 et
1328 3413 1522 3449 verum.
1544 3402 1607 3450 R.
1621 3402 1691 3449 D.
1708 3402 1778 3450 Ae
1801 3401 1958 3449 Beni.
1975 3399 2114 3475 bene
2125 3414 2241 3475 curn
2257 3398 2517 3474 Guy..pro
2577 3470 2586 3476 .

320 3458 461 3516 atque
484 3456 623 3519 vulg.
660 3458 794 3509 Peri.
860 3461 1022 3523 Atque
1057 3461 1185 3511 dant
1215 3462 1314 3513 Br.
1335 3465 1397 3514 Z.
1463 3465 1546 3514 Ma·
1567 3466 1751 3527 quidem
1788 3479 1884 3513 nou
1912 3464 1982 3529 fit
2014 3464 2298 3513 verisimile.-
2331 3468 2382 3510 at
2399 3461 2518 3537 ipsis

318 3516 476 3569 Both.
502 3523 589 3585 qui
612 3529 789 3572 monet
808 3525 992 3588 quidem
1015 3525 1067 3573 iu
1089 3524 1139 3575 A
1160 3527 1352 3577 omitti.
1417 3530 1594 3580 Hercle
1626 3529 1823 3578 omittit
1839 3530 1981 3578 Perl.
2000 3527 2136 3592 quod
2160 3532 2309 3576 notat
2331 3540 2442 3600 esse
2463 3539 2517 3573 m

319 3580 497 3633 Guelf.
523 3590 720 3637 3.-21.
753 3592 819 3638 22
849 3589 939 3639 Sic
962 3590 1092 3653 legit
1125 3591 1286 3642 Both.
1349 3592 1421 3643 Ae
1452 3609 1540 3656 ego
1577 3593 1685 3642 hine
1722 3608 1797 3642 me
1817 3596 1880 3642 ad
1907 3592 2074 3653 sorum
2111 3592 2181 3641 Ut
2215 3590 2516 3654 Pomptinum

1310 3737 1528 3788 NOTAE

315 3841 644 3894 quocumque
675 3829 864 3892 modo;
898 3831 1006 3882 sive
1041 3831 1211 3897 aliquo
1229 3833 1375 3897 jure,
1456 3849 1690 3897 noscere,
1726 3835 2009 3899 suscipere,
2045 3832 2285 3883 educare.
2335 3829 2515 3881 Infau-

312 3906 423 3955 sive
447 3906 624 3970 aliqua
648 3907 854 3970 injuria.
1455 3917 1537 3960 tes
1565 3911 1704 3973 olim,
1734 3910 1883 3958 simul
1922 3925 1984 3960 ac
2030 3910 2137 3958 nati
2170 3911 2339 3971 erant,
2369 3906 2510 3955 humi

373 3987 441 4032 12
475 3983 572 4031 Est
591 3997 745 4045 opera
763 3983 992 4049 pretium]
1024 3982 1161 4034 Rem
1181 3985 1373 4051 signiti-
1455 3985 1870 4050 deponebantur.
1915 3985 2002 4035 Ab
2033 3986 2188 4034 humo
2219 3998 2342 4034 vero
2364 3983 2512 4033 tolle-

312 4064 400 4108 cat
422 4056 586 4121 factu,
620 4058 704 4107 vel
738 4058 938 4123 auditu,
976 4060 1057 4108 vel
1091 4068 1373 4111 memoratu
1454 4063 1661 4126 bantur,
1706 4068 1761 4111 et
1805 4062 1856 4112 in
1899 4062 2064 4111 sinum
2108 4061 2510 4126 recipiebantur.

313 4136 540 4200 dignam.
1457 4139 1562 4193 Qui
1584 4154 1685 4188 uon
1711 4138 2045 4200 tollebantur,
2068 4151 2163 4201 pro
2185 4137 2438 4189 abdicatis
2458 4145 2513 4187 ct

377 4215 441 4262 14
476 4211 806 4264 Dect-everunt
843 4214 1031 4280 tollere]
1071 4212 1136 4267 ld
1166 4220 1266 4279 est,
1288 4229 1376 4281 ag·
1456 4214 1772 4280 projectitiis
1793 4214 2130 4267 habebantur.
