3050 4942
547 358 680 424 442
1298 373 1360 419 Ρ.
1405 369 1776 421 ‘reanum
1826 371 2003 422 Arm

554 519 688 583 ΡΑ.
735 516 1090 599 Flagitium
1143 516 1452 582 facimuS.
1542 515 1682 584 CH.
1721 514 1838 582 An
1883 515 1952 580 id
2002 515 2327 600 flagitium
2373 522 2503 594 est,
2551 516 2618 581 si
2669 517 2744 580 in

809 619 1074 684 domum
1104 621 1544 684 meretriciam
2651 621 2746 682 90

553 720 900 823 Deducar3
947 728 1016 786 et
1043 721 1178 786 illis
1206 722 1539 799 crucibus,
1570 740 1720 804 quae
1752 739 1880 785 nos
1907 728 2329 805 nostramque
2361 718 2746 784 adolescen-

813 827 974 890 tiam

559 926 835 991 Habent
863 926 1306 1010 despicatam,
1334 932 1400 990 et
1447 945 1603 1009 quae
1634 944 1762 988 nos
1810 942 2070 1009 semper
2102 924 2412 990 omnibus
2443 924 2747 989 cruciant

815 1027 1032 1091 modis

557 1128 763 1194 Nunc
793 1076 1062 1193 referam
1093 1129 1369 1211 gratiam
1399 1149 1417 1209 ;
1465 1137 1669 1214 atque
1698 1150 1818 1195 eas
1852 1129 2083 1195 itidem
2111 1128 2361 1204 fallam,
2395 1136 2472 1192 ut
2500 1130 2587 1193 ab
2611 1129 2747 1193 illis

816 1229 1152 1295 fallimur?

560 1334 675 1399 An
722 1335 947 1416 potius
995 1332 1139 1396 haec
1189 1333 1380 1414 patiT
1444 1352 1716 1417 aequum
1763 1342 1872 1398 est
1912 1335 2079 1412 fieri,
2123 1339 2196 1399 ut
2242 1354 2285 1399 a
2328 1353 2436 1398 me
2486 1333 2750 1398 ludatur

817 1432 1026 1498 dolist
1596 1451 1600 1455 ·

562 1536 765 1617 Quod
815 1537 933 1620 qui
978 1537 1344 1615 rescierint,
1391 1540 1695 1623 culpent:
1759 1539 1919 1604 illud
1971 1537 2207 1603 merito
2238 1538 2485 1602 factum
2516 1556 2748 1602 omnes

821 1645 1079 1721 putent.
2660 1639 2749 1703 95

560 1787 616 1836 id
743 1787 873 1838 ‘tium
887 1804 1038 1847 vocas,
1058 1789 1103 1838 si
1122 1789 1175 1837 in
1189 1791 1311 1838 oedes
1333 1791 1620 1840 meretricias
1641 1788 1881 1852 ingrediar
1900 1795 1949 1838 et
1978 1788 2190 1850 inducar,
2210 1802 2314 1836 cum
2332 1788 2462 1836 nulla
2481 1788 2562 1836 lea:
2577 1785 2631 1834 id
2645 1800 2750 1849 pro-

561 1853 612 1901 1ι“
667 1859 752 1902 at?
781 1853 826 1901 si
847 1853 944 1902 illis
963 1854 1192 1913 crucibus,
1216 1854 1599 1919 (meremcibnso
1635 1871 1737 1918 quae
1756 1871 1841 1903 nos
1860 1855 2167 1903 adolescentes
2198 1852 2428 1915 simplices
2464 1857 2515 1899 et
2544 1852 2752 1900 incautos

560 1917 839 1979 despiciunt,
862 1923 909 1967 et
929 1918 1139 1972 omnibus
1171 1919 1381 1968 cruciant
1412 1921 1580 1980 modis,
1609 1934 1731 1970 nunc
1753 1920 1898 1968 vicem
1917 1920 2109 1967 reddam
2124 1917 2149 1968 ?
2178 1926 2317 1980 atque
2338 1932 2417 1965 eas
2435 1915 2658 1964 similiter
2675 1914 2749 1962 de-

561 1982 739 2041 ludam,
757 1982 879 2032 sicut
910 1983 970 2030 ab
1006 1984 1103 2032 illis
1132 1983 1423 2036 deludimur?
1455 1985 1536 2033 An
1563 1984 1722 2049 potius
1742 1983 1993 2048 flagitium
2021 1989 2110 2044 est,
2145 1982 2245 2030 hoec
2274 1982 2334 2029 ab
2366 1979 2466 2029 illis
2499 1979 2749 2028 meretrici-

563 2045 649 2096 bus
678 2046 821 2110 pati?
852 2049 1058 2109 AEquum
1078 2053 1149 2097 est
1154 2049 1274 2112 fieri
1293 2054 1348 2097 ut
1374 2050 1518 2098 Thais
1538 2065 1568 2098 a
1589 2064 1660 2098 me
1680 2051 1897 2098 ludatur.-
1934 2054 2006 2108 at,
2042 2048 2123 2110 qui
2155 2047 2274 2095 illud
2307 2043 2563 2100 audierint,
2601 2045 2751 2106 σπαρα-

564 2110 681 2160 bunt
694 2124 715 2168 ,⁴
745 2111 905 2174 immo,
933 2112 1052 2161 illud
1086 2113 1251 2163 meiito
1275 2114 1464 2172 sactum
1501 2129 1600 2163 esse
1631 2129 1786 2164 omnes
1819 2113 2167 2163 existimabunt.
2236 2111 2335 2160 ΡΑ.
2377 2109 2508 2167 Quid
2527 2108 2659 2158 istud
2687 2112 2752 2155 est

1473 2254 1831 2276 OOOOOOOOOO

565 2335 730 2396 bitur,
760 2336 960 2401 reliqua
983 2339 1309 2388 Parmenoui.
1356 2341 1451 2389 Fa.
1516 2340 1533 2368 ‘
1554 2339 1665 2389 Ah’
1698 2354 1847 2405 aeque
1884 2337 2159 2401 acs‘Flag.
2194 2335 2314 2389 fac!
2350 2336 2591 2386 tribuunt
2629 2335 2753 2401 Par·

567 2401 772 2449 menoui
795 2401 883 2449 Br.
907 2409 963 2451 et
983 2402 1232 2466 Bip.—9o
1267 2404 1497 2454 Praestat
1519 2405 1631 2454 haec
1654 2404 1774 2456 lect.
1797 2420 1904 2467 prae
1928 2405 2036 2465 illa,
2059 2402 2339 2464 Flagitium,
2359 2401 2573 2460 facinus,
2607 2414 2754 2464 quam

568 2471 748 2514 tuetur
770 2465 838 2516 G.
861 2467 919 2517 F.
944 2475 999 2515 et
1020 2465 1232 2530 praesert
1251 2469 1353 2518 Ms.
1379 2469 1522 2531 Lips.
1544 2469 1633 2519 sed
1659 2470 1755 2529 ita,
1778 2469 1965 2530 facim,
2002 2467 2142 2518 unde
2172 2474 2410 2531 apparet,
2451 2466 2656 2515 initium
2675 2464 2758 2512 τοῦ

566 2545 617 2578 m
644 2528 801 2579 fuisse
823 2544 1038 2580 erasum.
1079 2532 1231 2582 West.
1299 2532 1370 2583 G.
1412 2533 1516 2585 ET.
1559 2534 1681 2584 EM.
1716 2534 1998 2596 Flagitium,
2022 2531 2233 2592 facinus.
2267 2531 2348 2581 Id.
2370 2532 2420 2579 in
2444 2529 2586 2579 Add.
2624 2529 2756 2578 Facis

567 2594 726 2644 Both.
794 2595 1002 2646 Facinus
1027 2611 1121 2660 pro
1144 2612 1249 2647 var.
1274 2597 1398 2648 lect.
1432 2599 1484 2647 in
1508 2598 1689 2662 glossis
1706 2600 1792 2648 τοῦ
1824 2600 2049 2647 Bru—92
2081 2597 2135 2646 Si
2172 2597 2316 2659 leges
2337 2597 2619 2658 despectam,
2642 2607 2755 2645 cou-

560 2659 732 2715 ,stabit
754 2674 945 2710 versus.
979 2662 1070 2713 Er.
1141 2662 1421 2725 Despectam
1451 2670 1534 2712 est
1567 2667 1619 2712 in
1650 2664 1793 2713 Bern.
1832 2662 2068 2726 aliisque.
2107 2662 2257 2711 West.
2322 2659 2633 2723 Despicatum
2656 2658 2755 2709 Do.

568 2729 624 2773 et
645 2738 820 2774 omues
849 2726 1043 2790 antiqui
1077 2724 1195 2775 libri
1218 2733 1407 2788 praeter
1433 2730 1578 2778 Bem.
1645 2728 1841 2778 Omnes
1863 2727 1951 2776 alii
1974 2726 2092 2776 libri
2116 2731 2368 2786 recentes,
2391 2727 2659 2788 despectam
2677 2722 2757 2770 ha·

565 2787 712 2844 bent,
748 2797 806 2839 ut
842 2791 989 2840 Bem.
1025 2791 1117 2840 Fa.
1184 2792 1536 2854 Correctores‚
1567 2807 1670 2841 nou
1711 2791 1953 2852 Librarii,
1990 2794 2248 2855 despectam
2285 2789 2437 2853 primi
2481 2788 2755 2837 dederunt.

569 2852 848 2903 Praestabo
871 2856 969 2904 tibi
994 2870 1164 2904 veram
1191 2856 1365 2906 Poetae
1390 2871 1615 2917 manum,
1636 2858 1828 2908 Habent
1848 2855 2104 2918 despicatu-
2133 2856 2289 2904 Bent.
2337 2855 2485 2916 Saepe
2510 2853 2526 2881 ‘
2543 2850 2760 2906 habere’

570 2930 690 2966 cum
720 2920 994 2984 participio
1032 2921 1251 2982 ponitur.
1291 2923 1352 2970 R.
1390 2922 1459 2970 D.
1526 2923 1806 2984 Despectam
1846 2928 1988 2970 recte
2027 2921 2176 2970 Bem.
2229 2917 2400 2981 Vulgo
2437 2918 2576 2967 male
2614 2916 2760 2980 despi-

569 2986 724 3030 catam
765 2985 848 3031 vel
887 2985 1144 3046 despicatn.
1195 2986 1480 3035 Boiu—4³3
1537 2987 1755 3047 Gratias,
1791 2990 1928 3048 atque
1964 2985 2025 3034 it.
2066 2999 2147 3033 eas
2171 2982 2345 3043 fallam
2378 2988 2432 3031 ut
2462 2982 2524 3032 ab
2563 2981 2636 3030 eis
2673 2981 2761 3029 dat

566 3043 880 3095 Betim—94.
903 3052 965 3096 95
1001 3049 1150 3096 Bem.
1175 3056 1233 3098 et
1255 3064 1429 3099 omues
1453 3050 1539 3099 alii
1557 3051 1754 3115 antiqui
1777 3050 1970 3099 habent
1985 3049 2148 3112 patri.-
2182 3064 2243 3098 ac
2263 3048 2500 3096 Donatus
2540 3058 2761 3109 quoque,

562 3108 696 3159 ‚licet
733 3108 904 3173 aliqua
940 3126 1006 3159 ex
1048 3119 1196 3174 parte
1229 3123 1535 3175 corruptus:
1573 3130 1708 3177 nam,
1740 3114 1972 3178 quamvis
2010 3112 2219 3163 citando
2260 3112 2372 3161 haec
2418 3110 2581 3160 verba
2627 3109 2762 3158 diest

566 3172 709 3232 pati:
744 3180 920 3222 tamen
945 3175 996 3222 in
1021 3176 1352 3238 expositionis
1376 3192 1653 3242 progressu
1674 3181 1799 3240 legit
1816 3179 1973 3242 patri:
2010 3183 2066 3227 et
2086 3191 2209 3226 saue
2240 3177 2348 3239 pati
2379 3175 2577 3224 nullum
2609 3173 2764 3222 habet

566 3250 795 3299 sensum.
832 3237 921 3286 Fa.
987 3239 1078 3289 Fu.
1104 3250 1167 3288 ex
1190 3241 1336 3290 Beru.
1358 3248 1554 3305 tuetur,
1588 3244 1724 3308 quod
1749 3243 1998 3307 plusculae
2021 3240 2144 3292 edd.
2179 3247 2483 3305 sequuntur,
2507 3239 2593 3289 An
2613 3238 2767 3301 potius

567 3299 673 3349 «hoec
690 3301 821 3364 patri
840 3317 1022 3366 oequum
1044 3309 1114 3352 est
1122 3304 1260 3368 fieri,
1291 3311 1346 3354 ut
1366 3322 1396 3355 a
1429 3322 1500 3355 me
1534 3309 1726 3357 ludatur
1760 3308 1914 3357 dolis?
1979 3307 2050 3355 Et
2088 3307 2138 3354 in
2173 3306 2276 3354 Ms.
2316 3305 2454 3366 Lips.
2492 3312 2577 3352 est
2609 3308 2696 3366 pat
2716 3302 2765 3349 i:

573 3365 710 3414 unde
732 3366 858 3416 licet
880 3367 1152 3431 suspicari,
1183 3368 1241 3418 τὸ
1260 3385 1288 3418 r
1308 3385 1423 3420 esse
1444 3386 1665 3423 erasum.
1733 3373 1921 3435 Neque
1944 3370 2119 3434 probis
2144 3371 2270 3418 Mss.
2303 3382 2471 3430 neque
2504 3366 2766 3430 impressis

572 3431 928 3480 vetustissimis
954 3432 1125 3482 Libris
1148 3442 1292 3483 caret
1317 3436 1493 3498 lectio,
1524 3451 1676 3500 quam
1700 3436 1951 3497 exhibe03
1985 3434 2322 3496 firmaturque
2358 3433 2555 3481 Donati
2592 3435 2765 3481 arneto·

573 3494 748 3544 ritate.
815 3497 947 3560 Eug.
968 3504 1139 3546 tamen
1159 3500 1291 3561 patri
1313 3501 1457 3563 legit.
1525 3501 1603 3550 Μ.
1635 3516 1751 3550 curn
1792 3500 1946 3550 editis
1982 3497 2284 3564 quibusdam
2324 3497 2578 3560 antiquis:
2615 3494 2763 3559 [Arg.

574 3561 719 3608 1496.
760 3562 1056 3610 nourrinatini
1093 3573 1341 3614 memorat
1376 3564 1523 3628 Bip.]
1562 3566 1698 3621 Quod
1735 3565 1816 3628 qui
1851 3564 2112 3617 rescierint,
2146 3563 2329 3624 culpent
2364 3562 2505 3621 nulli,
2535 3562 2618 3609 sed
2649 3560 2764 3608 illud

561 3621 751 3681 factum
770 3625 936 3675 merito
954 3640 1109 3676 munes
1124 3633 1306 3690 putent.
1372 3629 1649 3679 Postrema
1671 3630 1825 3680 etiam
1850 3629 1901 3676 in
1940 3627 2140 3688 duobus
2158 3627 2309 3686 Pall-
2327 3625 2586 3689 ‚reperiri,
2622 3623 2763 3674 testis

1559 3741 1607 3791 N
1616 3740 1771 3790 0¹1⁸AE

574 3866 581 3873 -
640 3836 706 3882 89
740 3832 912 3881 Isthoec
943 3835 996 3882 in
1029 3850 1103 3883 me
1133 3839 1332 3887 cudetur·
1351 3837 1497 3901 faba]
1559 3838 1626 3888 Id
1708 3838 1868 3891 tibus,

575 3915 674 3970 est,
707 3908 972 3958 tundetur.
1040 3911 1172 3960 Nam
1210 3914 1403 3964 cudere
1438 3922 1520 3966 est
1554 3915 1627 3964 fe·
1771 3920 1834 3964 95
1873 3915 2011 3970 Quod
2031 3914 2112 3977 qni
2129 3912 2392 3974 rescierint,
2412 3908 2623 3974 culpent]
2657 3909 2758 3974 Hy·

574 3986 698 4034 rire.
767 3983 899 4033 Cudi
925 3986 1142 4048 pecunia
1166 3986 1376 4051 dicitur,
1397 4005 1512 4040 cnm
1531 3991 1629 4055 sig·
1708 3992 1941 4058 pophora
1958 3990 2068 4039 sive
2091 3989 2330 4053 objectio.

579 4076 699 4109 num
734 4062 995 4126 Principis
1025 4064 1107 4112 vel
1139 4065 1287 4129 Reip.
1315 4068 1362 4114 ei
1386 4067 1632 4131 imprimi-
1775 4067 1903 4115 Illud
1941 4066 2111 4116 merito
2141 4065 2331 4126 factum
2368 4079 2526 4114 omnes
2571 4058 2754 4126 putent]

584 4144 683 4185 tur.
751 4137 955 4187 Cudere
989 4136 1161 4188 fabam
1187 4146 1267 4190 est
1297 4142 1631 4205 proverbium
1678 4185 1682 4188 ,
1711 4141 2141 4205 Anthypophora,
2161 4141 2269 4191 sive
2302 4139 2573 4204 replicatio
2595 4136 2658 4186 ad
2676 4137 2755 4185 ob·

580 4225 614 4259 a
633 4213 840 4277 rusticis
873 4212 1019 4264 fabas
1040 4214 1089 4267 in
1112 4231 1234 4267 area
1248 4216 1390 4274 fuste
1412 4218 1632 4278 tusden·
1704 4219 2009 4282 jectionem.
