3050 4942
760 359 1122 420 numus
1165 361 1457 412 nniusn
1508 362 2028 420 mssnwm'rro.
2399 352 2485 418 97

301 515 452 591 λόγῳ
467 509 561 568 καὶ
576 517 688 569 νῦν
708 505 937 585 ὁμοίων,
958 507 1134 566 ταῦτά
1149 530 1222 588 γε
1239 507 1446 581 πάντα,
1462 508 1499 578 ἢ
1517 508 1660 585 τάγε
1675 512 1920 570 πλεῖστα
1940 511 2143 581 αὐτῶν,
2160 510 2484 571 ὑποκεῖσθαι

297 613 361 691 τῇ
381 610 622 688 ἀφελείᾳ
650 603 757 664 δεῖ.
801 601 1310 672 Quemadmodum
1341 603 1732 685 Hieronymus
1757 604 2150 664 Menandrum
2179 615 2241 666 et
2266 606 2486 666 Teren-

298 707 439 766 tium
466 722 604 763 cum
630 701 885 764 maximo
904 700 1132 781 judicio
1160 700 1486 781 conjungit.
1531 700 1627 761 Ad
1657 701 1969 762 Paulinum
1997 701 2152 761 enim
2178 721 2194 760 ε
2241 709 2259 736 ‘
2279 701 2480 763 Poetae

298 801 644 862 aemulentur
694 797 1040 872 Homerum,
1067 797 1392 876 Virgilium,
1423 797 1837 872 Menandrum,
1884 797 2259 860 Terentium!
2326 800 2483 859 Audi

299 897 621 960 orationem
648 893 830 975 patris
857 893 1009 955 irati.
1092 894 1312 955 Heaut.
1354 895 1490 956 Act.
1517 915 1582 956 v.
1626 897 1819 955 Scena
1844 898 1906 955 4.

1016 1021 1175 1095 Non,
1204 1023 1255 1082 si
1278 1042 1354 1083 ex
1378 1022 1572 1102 capite
1598 1023 1680 1083 sis
1706 1042 1838 1085 meo

457 1122 677 1194 NatuS,
705 1118 904 1181 itidem
933 1130 1001 1179 ut
1022 1121 1189 1180 aiunt
1209 1121 1537 1181 Minervam
1560 1139 1692 1181 esse
1713 1140 1786 1182 ex
1802 1121 1972 1191 Jove,
2001 1138 2072 1180 ea
2093 1138 2275 1181 causa
2293 1119 2483 1199 magis

456 1221 678 1292 Patiar,
710 1217 990 1298 Clitipho,
1015 1218 1252 1298 flagitiis
1282 1219 1397 1278 tuis
1423 1238 1516 1278 me
1545 1217 1819 1278 infamem
1849 1217 1992 1278 fieri.
2038 1291 2047 1302 .

302 1357 360 1407 et
383 1367 517 1428 quae
548 1355 895 1426 sequuntur.
985 1345 1140 1405 Audi
1167 1345 1324 1406 mitis
1353 1345 1460 1405 viri
1486 1345 1682 1424 potius
1710 1364 1888 1426 quam
1911 1345 2090 1405 boni:

455 1459 769 1532 Ausculta,
797 1478 873 1520 ne
901 1478 994 1519 me
1024 1457 1320 1520 obtundas
1348 1457 1424 1518 de
1452 1457 1566 1519 hac
1595 1479 1656 1520 re
1686 1458 1924 1540 saepius.

451 1557 643 1616 Tuum
671 1555 853 1615 filium
883 1554 1099 1615 dedisti
1129 1554 1533 1634 adoptandum
1562 1554 1723 1616 mihi.

456 1653 515 1712 Is
545 1671 712 1714 meus
738 1661 832 1712 est
856 1652 1071 1712 factus.
1156 1650 1219 1708 Si
1245 1649 1389 1728 quid
1419 1662 1648 1730 peccat,
1677 1652 1925 1724 Demea,

453 1749 605 1809 Mihi
633 1759 842 1828 peccat
868 1768 884 1808 ε
926 1766 1038 1827 ego
1067 1746 1149 1805 illi
1179 1765 1512 1806 maxumam
1541 1756 1766 1826 partem
1795 1748 1999 1808 feram.

451 1845 765 1906 Obsonat?
806 1843 1013 1925 potat?
1055 1844 1177 1904 olet
1203 1842 1553 1923 unguenta?
1596 1842 1670 1905 de
1698 1863 1856 1905 meo.

451 1942 670 2003 Amat?
711 1942 948 2003 dabitur
976 1962 1013 2001 a
1038 1962 1132 2001 me
1163 1951 1491 2021 argentum,
1522 1941 1664 2001 dum
1692 1940 1803 2002 erit
1829 1937 2197 2001 commodum
2224 1959 2237 1999 ε

452 2038 567 2098 Ubi
597 2058 717 2097 non
748 2038 876 2113 erit,
904 2038 1151 2099 fortasse
1173 2036 1520 2097 excludetur
1547 2038 1725 2098 foras.

453 2134 636 2197 Fores
663 2134 933 2215 effregit?
974 2135 1370 2196 restituentur.
1455 2135 1708 2196 Discidit

451 2230 742 2291 Vestem?
782 2223 1147 2291 resarcietur.
1232 2230 1361 2304 Est,
1392 2231 1502 2292 Dis
1532 2233 1742 2313 gratia,

450 2327 531 2388 Et
556 2328 718 2392 unde
744 2328 876 2390 hoec
904 2329 1070 2403 fiant,
1101 2337 1162 2388 et
1190 2327 1382 2390 adhuc
1411 2349 1533 2389 non
1560 2330 1812 2391 molesta
1840 2340 1998 2392 sunt.

299 2465 371 2524 Et
397 2464 598 2527 divina
624 2466 763 2528 illa:

774 2579 968 2640 Credo
992 2579 1230 2641 hercle:
1272 2598 1409 2641 nam
1437 2582 1741 2662 ingenium
1771 2583 1905 2643 novi
1930 2592 2096 2642 tuum

450 2675 738 2739 Liberale.
823 2678 939 2737 Sed
969 2696 1172 2738 vereor
1200 2697 1273 2739 ne
1301 2678 1618 2757 indiligens
1652 2680 1893 2739 nimium
1919 2679 2055 2740 sies.

447 2773 519 2831 ln
549 2793 669 2853 qua
695 2773 932 2835 civitate
958 2774 1199 2835 tandem
1227 2774 1504 2834 arbitrare
1535 2784 1595 2834 te
1621 2773 1855 2834 vivere?

297 2916 368 2977 Et
392 2937 529 2996 quae
559 2917 687 2979 sine
716 2928 880 2978 motu
908 2917 1083 2977 animi
1110 2928 1171 2978 et
1199 2917 1547 2989 suavissima
1583 2919 1886 2999 voluptate
1933 2920 2051 3001 legi
2081 2941 2200 2983 non
2228 2931 2479 3004 possunt

298 3007 561 3094 Hecyra:

773 3108 1003 3170 Odiosa
1029 3109 1284 3171 haec'est
1311 3118 1458 3170 aetas
1487 3111 1986 3175 adolescentulis:

447 3207 499 3265 E
527 3206 724 3266 medio
753 3227 989 3287 aequum
1017 3206 1300 3268 excedere
1329 3217 1439 3269 est.
1524 3209 1834 3272 Postremo
1852 3211 1978 3292 jam
2007 3231 2117 3273 nos
2145 3211 2345 3273 fabula

450 3303 688 3375 Sumus,
722 3302 1047 3383 Pamphile,
1071 3323 1251 3363 senex
1280 3314 1458 3384 atque
1490 3324 1659 3367 anuS.

302 3455 357 3504 et
380 3457 612 3508 cetera:
657 3449 931 3528 pluscula
961 3458 1101 3510 sunt
1145 3450 1320 3510 enim.
1406 3451 1579 3523 Quis,
1626 3470 1760 3512 cum
1797 3452 1902 3514 illa
1929 3453 2281 3515 Phormione
2310 3451 2477 3532 legit,

306 3562 411 3602 non
439 3563 683 3605 uxorem
711 3546 1020 3606 honestam
1060 3544 1312 3605 adulteri
1340 3546 1658 3625 agnoscit?

772 3675 865 3733 An
897 3674 1211 3755 quicquam
1237 3674 1415 3735 hodie
1444 3685 1539 3735 est
1566 3676 1788 3737 factum
1814 3677 2155 3757 indignius?

449 3769 568 3838 Qui
598 3770 762 3842 milii,
788 3772 889 3830 ubi
917 3770 994 3829 ad
1024 3789 1236 3830 uxores
1266 3781 1504 3830 ventum
1526 3781 1640 3843 est,
1670 3780 1797 3832 tum
1824 3773 1974 3831 fiunt
2000 3791 2195 3832 senes.

453 3866 738 3928 Haeccine
766 3877 936 3928 erant
959 3868 1171 3928 itiones
1198 3870 1418 3928 crebrae
1459 3878 1519 3927 et
1548 3869 1883 3928 mansiones
1912 3867 2158 3928 diutinae

455 3963 698 4024 Lemni?
725 3963 990 4024 haeccine
1015 3975 1141 4025 erat
1160 3983 1294 4044 quae
1311 3975 1548 4025 nostros
1572 3965 1799 4025 fructus
1820 3966 2117 4026 minuebat
2130 3965 2433 4027 calamitas
2451 3965 2479 4023 ’ἒ

457 4059 658 4128 Quid?
699 4080 815 4139 ego
843 4080 1017 4140 aequo
1046 4063 1238 4121 animo
1267 4063 1442 4142 cupio
1470 4064 1685 4123 misera
1713 4062 1773 4121 in
1800 4062 1913 4122 hac
1940 4082 2004 4122 re
2032 4063 2357 4143 defungier.

457 4154 575 4214 Sed
604 4156 743 4235 quid
776 4177 1001 4238 sperem
1025 4156 1053 4215 ἲ
1092 4167 1265 4220 aetate
1294 4179 1467 4239 porro
1494 4159 1688 4219 minus
1717 4169 2097 4239 peccaturum
2128 4158 2369 4239 putem?

426 4266 596 4329 Delph.
616 4274 664 4317 et
691 4269 800 4321 Vur.
823 4270 954 4320 Clas.
1312 4272 1497 4322 Terent.
2299 4270 2348 4320 G
