3050 4942
477 349 607 417 136
906 351 914 358 ’
1067 359 1341 410 sumus
1385 357 1648 410 cAESArt
1696 358 2070 408 scAmcsn

478 506 843 588 Terentianis
870 513 1151 580 tantum:
1203 520 1452 581 quarum
1502 502 1772 581 gratiam,
1818 522 1996 582 quarn
2045 502 2343 583 elegantia
2390 504 2671 566 orationis

482 617 659 686 atque
700 605 955 685 puritate
998 610 1335 665 consecutae
1374 611 1597 672 essent,
1625 600 1973 664 diminutam
2002 604 2246 681 putabat
2277 603 2516 665 licentia
2544 623 2672 663 ver-

482 724 653 770 suum
680 702 1057 784 longior-um:
1100 720 1249 771 cum,
1263 709 1460 769 tamen
1504 698 1758 760 Plautus
1803 699 1987 760 nihilo
2035 700 2115 759 sit
2158 701 2216 759 in
2252 699 2530 766 trimetris
2557 700 2675 759 fre·

482 801 771 883 quentior.
858 800 991 859 Hoc
1022 809 1217 861 autem
1246 797 1497 877 amplius
1543 796 1750 867 eadem
1800 798 1860 856 in
1903 798 2231 878 quaestione
2257 807 2490 880 peccat·
2511 796 2673 861 Pris-

480 902 721 965 cianus:
764 896 1055 977 quosdam
1080 916 1235 969 esse,
1279 896 1381 976 qui
1428 895 1488 956 in
1537 895 1793 959 Terentii
1835 896 2074 959 Fabulis
2117 905 2314 957 extare
2355 904 2543 956 metra
2568 914 2674 954 ne-

484 1006 651 1077 gent,
694 1012 871 1075 atque
897 994 1141 1057 eosdem
1171 1004 1369 1056 tamen
1399 994 1501 1067 ait,
1545 994 1650 1055 illa
1673 994 1847 1074 quasi
1874 1013 2094 1058 arcana
2120 993 2418 1074 quaedam,
2447 993 2676 1071 sibique

485 1094 628 1164 solis
654 1094 898 1172 cognita
924 1091 1202 1171 profiteri.
1288 1090 1447 1161 Quid
1487 1091 1646 1152 enim
1691 1102 1784 1151 est
1829 1091 1990 1155 hoc?
2046 1110 2264 1176 negare
2308 1109 2584 1155 numeros
2611 1088 2675 1147 in

482 1211 656 1256 versu
684 1189 985 1269 quopiam,
1013 1187 1371 1268 eosdemque
1401 1206 1676 1249 numeros
1704 1188 1764 1248 in
1793 1188 2001 1251 eodem
2024 1209 2193 1250 versu
2215 1208 2281 1250 se
2304 1188 2464 1251 solos
2490 1186 2677 1246 dime-

484 1288 578 1351 tiri
605 1286 825 1367 posse?
883 1287 1057 1348 Hanc
1086 1286 1438 1346 sententiam
1480 1306 1642 1347 more
1670 1306 1780 1347 suo
1806 1286 1887 1347 de
1911 1287 2013 1348 illo
2041 1295 2344 1348 mutuatus
2373 1286 2678 1356 Erasmus,

486 1383 947 1446 commodiorem
987 1381 1167 1441 fecit:
1212 1381 1422 1443 dividit
1448 1382 1603 1443 enim
1632 1402 1785 1457 eam,
1833 1384 2079 1464 ejusque
2108 1394 2307 1463 partes
2335 1382 2412 1443 ad
2442 1381 2681 1442 diversa

486 1482 664 1543 refert
678 1480 923 1558 judicia.
989 1479 1156 1539 Alios
1184 1478 1378 1559 inquit
1402 1500 1643 1560 negare,
1672 1481 1822 1541 alios
1849 1481 2018 1561 quasi
2036 1481 2293 1542 inutilem
2323 1500 2453 1541 eam
2482 1480 2677 1541 inves-

486 1579 829 1658 tigationem
888 1576 1240 1637 existimare.
1322 1578 1585 1645 Quorum
1644 1587 1957 1657 utrumque
2007 1577 2308 1656 cumipse
2354 1576 2683 1655 rejecisset,

490 1675 649 1755 quod
680 1687 807 1734 erat
854 1674 1043 1753 priore
1092 1675 1247 1748 loco,
1293 1676 1502 1735 merito
1551 1676 1721 1755 quasi
1757 1675 2088 1755 judicatum
2119 1674 2332 1734 omisit:
2417 1672 2679 1733 Alterius

491 1784 687 1832 autem
714 1773 999 1835 rationem
1044 1773 1200 1834 hanc
1230 1772 1477 1833 reddere
1510 1773 1796 1833 instituit:
1852 1794 1968 1833 non
2014 1792 2252 1852 operam
2292 1770 2539 1850 perdere
2572 1788 2680 1827 nos

489 1868 844 1948 indagandis
873 1890 1148 1930 versuum
1176 1870 1485 1950 generibus
1513 1890 1528 1929 ε
1570 1868 1686 1929 hac
1713 1871 1864 1929 enim
1888 1869 2197 1949 diligentia
2225 1869 2398 1939 effici,
2427 1876 2514 1939 ut,
2543 1886 2682 1946 quae

490 1967 851 2027 librariorum
897 1967 1124 2028 incuria
1169 1968 1544 2048 transpositae
1594 1987 1771 2029 voces
1808 1969 1946 2041 sint,
1976 1968 2097 2028 suis
2125 1988 2212 2027 eae
2243 1965 2482 2026 sedibus
2512 1962 2685 2023 resti-

492 2072 753 2123 tuantur.
838 2064 967 2143 Ego
1015 2083 1152 2123 vero
1203 2084 1397 2143 neque
1434 2065 1551 2125 hoc
1589 2083 1722 2125 esse
1751 2065 2148 2126 necessarium
2201 2062 2394 2132 video,
2436 2071 2498 2121 et
2545 2061 2684 2139 plus

494 2159 757 2223 conferre
786 2160 863 2224 ad
901 2159 1112 2224 solutae
1140 2159 1419 2222 orationis
1447 2160 1796 2222 libertatem.
1881 2161 2034 2220 Nam
2063 2179 2253 2239 neque
2277 2158 2466 2220 ubivis
2496 2167 2690 2218 trans-

494 2256 704 2336 positae
749 2276 928 2318 voces
957 2277 1161 2320 versus
1207 2255 1419 2321 tollent
1464 2255 1931 2341 connexionem:
1989 2266 2050 2317 et
2088 2254 2560 2335 frequentissime
2585 2253 2688 2314 de-

493 2354 911 2434 prehendimus
940 2355 1016 2414 ob
1038 2353 1263 2418 numeri
1281 2353 1692 2418 necessitatem
1719 2354 1802 2413 ita
1817 2354 2228 2433 transpositae,
2247 2362 2331 2422 ut,
2361 2352 2410 2410 si
2431 2350 2691 2415 eandem*

497 2451 851 2514 sententiam
898 2450 956 2513 in
986 2450 1299 2531 epistolam
1344 2453 1426 2512 sis
1454 2451 1762 2523 allaturus,
1805 2451 2038 2530 cogaris
2088 2450 2216 2511 aliis
2247 2448 2488 2509 sedibus
2518 2446 2690 2527 dige-

496 2568 657 2612 rere:
700 2547 884 2612 veluti
907 2568 1045 2613 cum
1088 2548 1475 2614 Terentianus
1506 2548 1670 2610 Simo
1712 2548 1831 2607 ait:
1894 2553 1911 2582 ‘
1939 2547 2002 2606 Si
2034 2563 2276 2609 sensero
2314 2544 2491 2609 hodie
2520 2544 2690 2624 quic-

498 2664 677 2726 quam
704 2646 763 2712 in
792 2644 884 2709 his
912 2656 973 2712 te
1007 2645 1228 2727 nuptiis
1278 2646 1558 2710 Fallaciae
1592 2643 1816 2718 conari,
1862 2664 1983 2724 quo
2025 2645 2174 2706 fiant
2215 2642 2451 2729 minus?
2533 2642 2689 2703 Nam

498 2743 686 2823 priore
714 2763 887 2807 versu
915 2744 1102 2812 multa
1144 2743 1402 2808 invertas
1447 2743 1575 2804 sine
1602 2740 1916 2823 dispendio
1945 2758 2355 2804 numerorum:
2398 2738 2458 2797 in
2503 2737 2692 2800 altero

500 2849 696 2904 autem
724 2850 786 2901 et
813 2842 1163 2920 quotidiano
1208 2859 1501 2911 sermone,
1551 2849 1610 2899 et
1647 2838 1978 2898 forensibus
2003 2836 2483 2898 contentionibus
2523 2834 2694 2895 aliter

502 2936 767 3017 loquare.
870 2937 1101 3015 Itaque,
1148 2937 1199 2999 si
1254 2935 1473 3000 librarii
1528 2936 1614 2995 ita
1670 2934 2079 3019 scripsissent:
2147 2932 2428 2994 Fallaciae
2462 2933 2692 3001 conari,

501 3031 1059 3113 w‘uinmfiant:
1097 3053 1173 3092 ex
1218 3051 1420 3096 eorum
1468 3030 1792 3093 temeritate
1839 3031 1953 3091 boc
1990 3030 2214 3092 fructus
2258 3023 2589 3110 capiamus,
2629 3037 2698 3088 ut

508 3127 731 3192 minore
759 3130 1001 3207 negotio
1025 3128 1337 3193 imitemur.
1423 3128 1558 3187 Hoc
1585 3128 1759 3205 igitur
1790 3146 1908 3190 non
1938 3145 2224 3205 negamus
2253 3144 2386 3197 nos,
2415 3144 2695 3186 versuum

504 3224 735 3303 legibus
779 3224 919 3289 duci
966 3244 1075 3288 nos
1123 3224 1202 3286 ad
1232 3226 1539 3288 verborum
1589 3224 1762 3287 sedes
1807 3222 2293 3303 investigandas:
2357 3220 2466 3281 sed
2517 3221 2580 3282 in
2623 3240 2698 3283 eo

505 3321 687 3384 ullam
716 3341 851 3383 esse
879 3320 1215 3395 utilitatem,
1262 3322 1376 3383 hoc
1405 3341 1692 3399 negamus
1717 3341 1733 3380 :
1777 3319 1954 3380 immo
1980 3339 2118 3380 vero
2152 3317 2490 3382 conducere
2517 3317 2702 3404 inter·-

509 3417 651 3492 dum
689 3418 900 3497 magis,
947 3418 1002 3479 si
1051 3418 1411 3497 transposita
1457 3418 1594 3490 sint,
1641 3435 1759 3495 quo
1807 3416 2013 3479 ordine
2057 3415 2384 3478 orationem
2431 3426 2700 3476 nostram

507 3514 905 3578 instituamus.
989 3515 1107 3578 Sed
1140 3516 1401 3594 profecto
1445 3514 1558 3576 hac
1605 3530 1786 3593 opera
1832 3512 1968 3592 plus
2012 3512 2124 3576 fuit
2169 3510 2388 3571 laboris
2417 3519 2704 3584 sumtum,

508 3633 687 3693 quam
715 3624 955 3695 captum
985 3612 1285 3675 utilitatis:
1348 3621 1416 3672 ut
1435 3630 1556 3675 non
1581 3610 1708 3676 sine
1721 3628 1909 3669 causa
1933 3609 2293 3679 miraremur,
2316 3628 2586 3671 summos
2613 3608 2717 3667 vi···

508 3731 605 3772 tos
634 3721 865 3772 tantum
882 3710 1067 3772 studii
1086 3710 1147 3769 in
1163 3707 1539 3773 dimetiendis
1565 3705 1683 3770 illis·
1709 3704 1972 3766 versibus
1992 3703 2288 3783 posuisse,
2304 3703 2710 3777 Priscianum,

514 3807 837 3881 Donatum,
886 3811 1198 3890 Asperum,
1224 3808 1462 3879 Jubam,
1502 3806 1810 3875 Scaurum,
1846 3801 2128 3873 Probum,
2169 3799 2522 3879 Sulpicium,
2551 3802 2707 3861 Var-

518 3923 714 3963 ronem
762 3907 977 3983 ipsum.
1061 3906 1328 3974 Quorum
1373 3900 1722 3979 frequentiae
1770 3916 1904 3960 cum
1948 3897 2091 3958 mihi
2135 3896 2196 3956 in
2235 3908 2494 3974 mentem
2523 3900 2708 3972 venit,

518 4015 758 4075 apparet
786 4003 937 4059 illico
966 4011 1071 4059 aut
1094 4002 1348 4062 obscura
1375 3996 1702 4075 diligentia,
1747 3992 1848 4074 qui
1891 3993 2110 4054 infecto
2154 3992 2397 4071 negotio
2431 3994 2717 4074 eguerint

520 4115 862 4155 sireneseure
886 4115 902 4163 ;
946 4107 1047 4156 aut
1074 4117 1167 4157 res
1192 4099 1322 4175 ipsa
1347 4090 1596 4174 perdita,
1640 4112 1778 4171 quae
1806 4090 1900 4150 vel
1940 4091 2018 4151 ab
2065 4108 2184 4148 uno
2213 4089 2477 4152 alterove
2505 4102 2709 4151 tanto-

522 4211 646 4247 rum
678 4195 925 4251 virorum
952 4192 1277 4271 nequiverit
1302 4190 1533 4251 confici.
1618 4189 1813 4258 Quare
1840 4206 1913 4255 ea
1954 4206 2191 4271 quoque
2219 4205 2431 4260 causa,
2459 4186 2567 4247 sed
2597 4206 2710 4267 po-

510 4537 518 4552 .

506 4555 678 4687 hg,
