<?xml version="1.0" encoding="UTF-8"?>
<!DOCTYPE html PUBLIC "-//W3C//DTD XHTML 1.0 Transitional//EN"
    "http://www.w3.org/TR/xhtml1/DTD/xhtml1-transitional.dtd">
<html xmlns="http://www.w3.org/1999/xhtml" xml:lang="en" lang="en">
 <head>
  <title>
</title>
<meta http-equiv="Content-Type" content="text/html;charset=utf-8" />
  <meta name='ocr-system' content='tesseract 3.04.00' />
  <meta name='ocr-capabilities' content='ocr_page ocr_carea ocr_par ocr_line ocrx_word'/>
</head>
<body>
  <div class='ocr_page' id='page_1' title='image "./comoedisex00unkngoog_0065.png"; bbox 0 0 3050 4942; ppageno 0'>
   <div class='ocr_carea' id='block_1_1' title="bbox 986 358 2553 426">
    <p class='ocr_par' dir='ltr' id='par_1_1' title="bbox 986 358 2553 426">
     <span class='ocr_line' id='line_1_1' title="bbox 986 358 2553 426; baseline 0.005 -12"><span class='ocrx_word' id='word_1_1' title='bbox 986 424 988 426; x_wconf 7' lang='lat' dir='ltr'>v</span> <span class='ocrx_word' id='word_1_2' title='bbox 1047 367 1316 415; x_wconf 75' lang='lat' dir='ltr'><strong>vrcrou</strong></span> <span class='ocrx_word' id='word_1_3' title='bbox 1366 367 1463 416; x_wconf 76' lang='lat' dir='ltr'><strong>na</strong></span> <span class='ocrx_word' id='word_1_4' title='bbox 1510 368 1891 417; x_wconf 74' lang='lat' dir='ltr'><strong>coruOEniA.</strong></span> <span class='ocrx_word' id='word_1_5' title='bbox 2466 358 2553 422; x_wconf 81' lang='lat'><strong>55</strong></span> 
     </span>
    </p>
   </div>
   <div class='ocr_carea' id='block_1_2' title="bbox 334 512 2554 2832">
    <p class='ocr_par' dir='ltr' id='par_1_2' title="bbox 334 512 2554 2832">
     <span class='ocr_line' id='line_1_2' title="bbox 353 512 2545 594; baseline 0.002 -23"><span class='ocrx_word' id='word_1_6' title='bbox 353 514 521 593; x_wconf 88' lang='lat' dir='ltr'><strong>quasi</strong></span> <span class='ocrx_word' id='word_1_7' title='bbox 550 513 789 594; x_wconf 86' lang='lat' dir='ltr'><strong>flagello</strong></span> <span class='ocrx_word' id='word_1_8' title='bbox 818 512 1075 593; x_wconf 84' lang='lat' dir='ltr'><strong>quodam</strong></span> <span class='ocrx_word' id='word_1_9' title='bbox 1104 514 1320 586; x_wconf 83' lang='lat' dir='ltr'><strong>vexati,</strong></span> <span class='ocrx_word' id='word_1_10' title='bbox 1364 534 1497 574; x_wconf 90' lang='lat' dir='ltr'><strong>cum</strong></span> <span class='ocrx_word' id='word_1_11' title='bbox 1543 534 1733 574; x_wconf 83' lang='lat' dir='ltr'><strong>mores</strong></span> <span class='ocrx_word' id='word_1_12' title='bbox 1778 513 2105 594; x_wconf 87' lang='lat' dir='ltr'><strong>praeteritos</strong></span> <span class='ocrx_word' id='word_1_13' title='bbox 2145 512 2391 590; x_wconf 85' lang='lat' dir='ltr'><strong>mutare,</strong></span> <span class='ocrx_word' id='word_1_14' title='bbox 2420 524 2545 577; x_wconf 89' lang='lat' dir='ltr'><strong>tum</strong></span> 
     </span>
     <span class='ocr_line' id='line_1_3' title="bbox 357 611 2548 692; baseline 0.003 -25"><span class='ocrx_word' id='word_1_15' title='bbox 357 611 447 669; x_wconf 86' lang='lat' dir='ltr'><strong>vel</strong></span> <span class='ocrx_word' id='word_1_16' title='bbox 489 631 625 672; x_wconf 87' lang='lat' dir='ltr'><strong>esse</strong></span> <span class='ocrx_word' id='word_1_17' title='bbox 669 611 846 691; x_wconf 82' lang='lat' dir='ltr'>frugi,</span> <span class='ocrx_word' id='word_1_18' title='bbox 888 612 982 672; x_wconf 81' lang='lat' dir='ltr'><strong>vel</strong></span> <span class='ocrx_word' id='word_1_19' title='bbox 1028 611 1236 673; x_wconf 90' lang='lat' dir='ltr'><strong>saltem</strong></span> <span class='ocrx_word' id='word_1_20' title='bbox 1284 632 1570 692; x_wconf 85' lang='lat' dir='ltr'><strong>apparere</strong></span> <span class='ocrx_word' id='word_1_21' title='bbox 1613 613 2015 690; x_wconf 84' lang='lat' dir='ltr'>cogebantur:</span> <span class='ocrx_word' id='word_1_22' title='bbox 2060 631 2133 671; x_wconf 92' lang='lat' dir='ltr'><strong>ne</strong></span> <span class='ocrx_word' id='word_1_23' title='bbox 2176 611 2373 673; x_wconf 87' lang='lat' dir='ltr'><strong>denuo</strong></span> <span class='ocrx_word' id='word_1_24' title='bbox 2415 632 2548 673; x_wconf 86' lang='lat' dir='ltr'><strong>sese</strong></span> 
     </span>
     <span class='ocr_line' id='line_1_4' title="bbox 352 708 2539 788; baseline 0.002 -22"><span class='ocrx_word' id='word_1_25' title='bbox 352 708 502 768; x_wconf 88' lang='lat' dir='ltr'><strong>male</strong></span> <span class='ocrx_word' id='word_1_26' title='bbox 532 719 829 788; x_wconf 79' lang='lat' dir='ltr'><strong>gerenteS,</strong></span> <span class='ocrx_word' id='word_1_27' title='bbox 856 709 1008 770; x_wconf 90' lang='lat' dir='ltr'><strong>male</strong></span> <span class='ocrx_word' id='word_1_28' title='bbox 1036 710 1358 771; x_wconf 84' lang='lat' dir='ltr'><strong>identidem</strong></span> <span class='ocrx_word' id='word_1_29' title='bbox 1387 710 1691 770; x_wconf 86' lang='lat' dir='ltr'><strong>audirent:</strong></span> <span class='ocrx_word' id='word_1_30' title='bbox 1724 710 1892 788; x_wconf 83' lang='lat' dir='ltr'><strong>cujus</strong></span> <span class='ocrx_word' id='word_1_31' title='bbox 1924 709 2004 769; x_wconf 90' lang='lat' dir='ltr'><strong>rei</strong></span> <span class='ocrx_word' id='word_1_32' title='bbox 2036 728 2309 769; x_wconf 87' lang='lat' dir='ltr'><strong>numeros</strong></span> <span class='ocrx_word' id='word_1_33' title='bbox 2332 727 2539 770; x_wconf 90' lang='lat' dir='ltr'><strong>omnes</strong></span> 
     </span>
     <span class='ocr_line' id='line_1_5' title="bbox 355 805 2547 887; baseline 0.002 -24"><span class='ocrx_word' id='word_1_34' title='bbox 355 805 633 866; x_wconf 77' lang='lat' dir='ltr'><strong>Cratinus</strong></span> <span class='ocrx_word' id='word_1_35' title='bbox 658 806 873 866; x_wconf 73' lang='lat' dir='ltr'><strong>&#39;dicitur</strong></span> <span class='ocrx_word' id='word_1_36' title='bbox 919 807 1289 886; x_wconf 84' lang='lat' dir='ltr'><strong>implevisse:</strong></span> <span class='ocrx_word' id='word_1_37' title='bbox 1333 808 1552 887; x_wconf 82' lang='lat' dir='ltr'>quippe</span> <span class='ocrx_word' id='word_1_38' title='bbox 1597 807 1806 866; x_wconf 85' lang='lat' dir='ltr'><strong>ceteris</strong></span> <span class='ocrx_word' id='word_1_39' title='bbox 1853 805 2194 867; x_wconf 78' lang='lat' dir='ltr'><strong>austeritate</strong></span> <span class='ocrx_word' id='word_1_40' title='bbox 2235 816 2547 884; x_wconf 82' lang='lat' dir='ltr'><strong>praestans,</strong></span> 
     </span>
     <span class='ocr_line' id='line_1_6' title="bbox 353 904 2546 985; baseline 0 -24"><span class='ocrx_word' id='word_1_41' title='bbox 353 904 731 964; x_wconf 86' lang='lat' dir='ltr'><strong>acerbissima</strong></span> <span class='ocrx_word' id='word_1_42' title='bbox 747 904 946 984; x_wconf 87' lang='lat' dir='ltr'><strong>jurgia</strong></span> <span class='ocrx_word' id='word_1_43' title='bbox 971 906 1294 985; x_wconf 83' lang='lat' dir='ltr'><strong>procaciter</strong></span> <span class='ocrx_word' id='word_1_44' title='bbox 1315 907 1655 984; x_wconf 84' lang='lat' dir='ltr'><strong>exspuebat.</strong></span> <span class='ocrx_word' id='word_1_45' title='bbox 1717 906 1846 965; x_wconf 88' lang='lat' dir='ltr'><strong>Hac</strong></span> <span class='ocrx_word' id='word_1_46' title='bbox 1869 904 2046 963; x_wconf 90' lang='lat' dir='ltr'><strong>etiam</strong></span> <span class='ocrx_word' id='word_1_47' title='bbox 2078 904 2135 962; x_wconf 90' lang='lat' dir='ltr'><strong>in</strong></span> <span class='ocrx_word' id='word_1_48' title='bbox 2166 913 2332 981; x_wconf 91' lang='lat' dir='ltr'><strong>parte</strong></span> <span class='ocrx_word' id='word_1_49' title='bbox 2351 905 2546 964; x_wconf 89' lang='lat' dir='ltr'><strong>bonus</strong></span> 
     </span>
     <span class='ocr_line' id='line_1_7' title="bbox 348 998 2551 1083; baseline 0 -24"><span class='ocrx_word' id='word_1_50' title='bbox 348 998 448 1059; x_wconf 90' lang='lat' dir='ltr'><strong>ille</strong></span> <span class='ocrx_word' id='word_1_51' title='bbox 477 998 908 1079; x_wconf 82' lang='lat' dir='ltr'><strong>Aristophanes</strong></span> <span class='ocrx_word' id='word_1_52' title='bbox 937 1021 1055 1060; x_wconf 90' lang='lat' dir='ltr'><strong>non</strong></span> <span class='ocrx_word' id='word_1_53' title='bbox 1087 1001 1441 1062; x_wconf 81' lang='lat' dir='ltr'><strong>dormitavit.</strong></span> <span class='ocrx_word' id='word_1_54' title='bbox 1500 1003 1643 1081; x_wconf 89' lang='lat' dir='ltr'><strong>Ejus</strong></span> <span class='ocrx_word' id='word_1_55' title='bbox 1673 1000 1827 1061; x_wconf 85' lang='lat' dir='ltr'><strong>enim</strong></span> <span class='ocrx_word' id='word_1_56' title='bbox 1855 1000 2071 1079; x_wconf 86' lang='lat' dir='ltr'><strong>Vespae</strong></span> <span class='ocrx_word' id='word_1_57' title='bbox 2105 999 2348 1070; x_wconf 85' lang='lat' dir='ltr'><strong>Fabula,</strong></span> <span class='ocrx_word' id='word_1_58' title='bbox 2376 1009 2551 1083; x_wconf 87' lang='lat' dir='ltr'><strong>quot-</strong></span> 
     </span>
     <span class='ocr_line' id='line_1_8' title="bbox 350 1097 2548 1178; baseline 0 -23"><span class='ocrx_word' id='word_1_59' title='bbox 350 1106 502 1175; x_wconf 88' lang='lat' dir='ltr'><strong>quot</strong></span> <span class='ocrx_word' id='word_1_60' title='bbox 528 1106 701 1156; x_wconf 89' lang='lat' dir='ltr'><strong>erant</strong></span> <span class='ocrx_word' id='word_1_61' title='bbox 728 1097 1131 1178; x_wconf 77' lang='lat' dir='ltr'><strong>sycophantae,</strong></span> <span class='ocrx_word' id='word_1_62' title='bbox 1161 1118 1310 1178; x_wconf 91' lang='lat' dir='ltr'><strong>quos</strong></span> <span class='ocrx_word' id='word_1_63' title='bbox 1343 1098 1582 1178; x_wconf 89' lang='lat' dir='ltr'><strong>quidem</strong></span> <span class='ocrx_word' id='word_1_64' title='bbox 1614 1099 1738 1177; x_wconf 88' lang='lat' dir='ltr'><strong>ipse</strong></span> <span class='ocrx_word' id='word_1_65' title='bbox 1769 1109 1940 1158; x_wconf 87' lang='lat' dir='ltr'><strong>vocat</strong></span> <span class='ocrx_word' id='word_1_66' title='bbox 1978 1098 2266 1169; x_wconf 78' lang='grc' dir='ltr'>ἠπιάλους,</span> <span class='ocrx_word' id='word_1_67' title='bbox 2307 1097 2448 1156; x_wconf 83' lang='lat' dir='ltr'><strong>fecit</strong></span> <span class='ocrx_word' id='word_1_68' title='bbox 2473 1098 2548 1156; x_wconf 88' lang='lat' dir='ltr'><strong>ab</strong></span> 
     </span>
     <span class='ocr_line' id='line_1_9' title="bbox 350 1193 2549 1275; baseline 0.001 -24"><span class='ocrx_word' id='word_1_69' title='bbox 350 1194 596 1273; x_wconf 88' lang='lat' dir='ltr'><strong>incepto</strong></span> <span class='ocrx_word' id='word_1_70' title='bbox 621 1193 926 1265; x_wconf 86' lang='lat' dir='ltr'><strong>desistere,</strong></span> <span class='ocrx_word' id='word_1_71' title='bbox 953 1214 1073 1274; x_wconf 92' lang='lat' dir='ltr'><strong>quo</strong></span> <span class='ocrx_word' id='word_1_72' title='bbox 1101 1196 1254 1255; x_wconf 90' lang='lat' dir='ltr'><strong>inter</strong></span> <span class='ocrx_word' id='word_1_73' title='bbox 1281 1205 1475 1257; x_wconf 89' lang='lat' dir='ltr'><strong>cetera</strong></span> <span class='ocrx_word' id='word_1_74' title='bbox 1497 1195 1755 1255; x_wconf 83' lang='lat' dir='ltr'><strong>facinore</strong></span> <span class='ocrx_word' id='word_1_75' title='bbox 1778 1204 2008 1255; x_wconf 89' lang='lat' dir='ltr'><strong>tantum</strong></span> <span class='ocrx_word' id='word_1_76' title='bbox 2034 1195 2279 1275; x_wconf 83' lang='lat' dir='ltr'><strong>placuit,</strong></span> <span class='ocrx_word' id='word_1_77' title='bbox 2302 1204 2369 1254; x_wconf 91' lang='lat' dir='ltr'><strong>ut</strong></span> <span class='ocrx_word' id='word_1_78' title='bbox 2388 1194 2549 1254; x_wconf 83' lang='lat' dir='ltr'><strong>olca—</strong></span> 
     </span>
     <span class='ocr_line' id='line_1_10' title="bbox 351 1290 2551 1372; baseline 0.001 -24"><span class='ocrx_word' id='word_1_79' title='bbox 351 1290 515 1370; x_wconf 85' lang='lat' dir='ltr'><strong>gina,</strong></span> <span class='ocrx_word' id='word_1_80' title='bbox 544 1311 682 1370; x_wconf 84' lang='lat' dir='ltr'><strong>quae</strong></span> <span class='ocrx_word' id='word_1_81' title='bbox 709 1312 815 1372; x_wconf 89' lang='lat' dir='ltr'><strong>par</strong></span> <span class='ocrx_word' id='word_1_82' title='bbox 839 1302 935 1352; x_wconf 87' lang='lat' dir='ltr'><strong>est</strong></span> <span class='ocrx_word' id='word_1_83' title='bbox 962 1312 1157 1353; x_wconf 79' lang='lat' dir='ltr'><strong>aureae</strong></span> <span class='ocrx_word' id='word_1_84' title='bbox 1197 1313 1452 1366; x_wconf 84' lang='lat' dir='ltr'><strong>coronae,</strong></span> <span class='ocrx_word' id='word_1_85' title='bbox 1491 1293 1828 1352; x_wconf 85' lang='lat' dir='ltr'><strong>donaretur.</strong></span> <span class='ocrx_word' id='word_1_86' title='bbox 1912 1291 2143 1351; x_wconf 90' lang='lat' dir='ltr'><strong>Deinde</strong></span> <span class='ocrx_word' id='word_1_87' title='bbox 2185 1291 2551 1351; x_wconf 87' lang='lat' dir='ltr'><strong>labefactatis</strong></span> 
     </span>
     <span class='ocr_line' id='line_1_11' title="bbox 348 1386 2549 1471; baseline 0 -25"><span class='ocrx_word' id='word_1_88' title='bbox 348 1388 558 1466; x_wconf 90' lang='lat' dir='ltr'><strong>populi</strong></span> <span class='ocrx_word' id='word_1_89' title='bbox 586 1389 825 1463; x_wconf 77' lang='lat' dir='ltr'><strong>viribuS‚</strong></span> <span class='ocrx_word' id='word_1_90' title='bbox 854 1409 986 1450; x_wconf 91' lang='lat' dir='ltr'><strong>cum</strong></span> <span class='ocrx_word' id='word_1_91' title='bbox 1018 1391 1246 1451; x_wconf 88' lang='lat' dir='ltr'><strong>scilicet</strong></span> <span class='ocrx_word' id='word_1_92' title='bbox 1274 1391 1577 1471; x_wconf 90' lang='lat' dir='ltr'><strong>imperium</strong></span> <span class='ocrx_word' id='word_1_93' title='bbox 1610 1390 1686 1450; x_wconf 85' lang='lat' dir='ltr'><strong>ad</strong></span> <span class='ocrx_word' id='word_1_94' title='bbox 1716 1409 1936 1469; x_wconf 88' lang='lat' dir='ltr'><strong>paucos</strong></span> <span class='ocrx_word' id='word_1_95' title='bbox 1961 1389 2199 1449; x_wconf 87' lang='lat' dir='ltr'><strong>omnino</strong></span> <span class='ocrx_word' id='word_1_96' title='bbox 2223 1386 2549 1458; x_wconf 88' lang='lat' dir='ltr'><strong>recidisset,</strong></span> 
     </span>
     <span class='ocr_line' id='line_1_12' title="bbox 348 1482 2547 1567; baseline 0.001 -25"><span class='ocrx_word' id='word_1_97' title='bbox 348 1483 520 1543; x_wconf 89' lang='lat' dir='ltr'><strong>nulla</strong></span> <span class='ocrx_word' id='word_1_98' title='bbox 560 1486 752 1564; x_wconf 75' lang='lat' dir='ltr'><strong>po&#39;etis</strong></span> <span class='ocrx_word' id='word_1_99' title='bbox 798 1487 1050 1566; x_wconf 85' lang='lat' dir='ltr'><strong>amplius</strong></span> <span class='ocrx_word' id='word_1_100' title='bbox 1098 1487 1277 1548; x_wconf 90' lang='lat' dir='ltr'><strong>libere</strong></span> <span class='ocrx_word' id='word_1_101' title='bbox 1321 1482 1604 1567; x_wconf 84' lang='lat' dir='ltr'><strong>loquendi</strong></span> <span class='ocrx_word' id='word_1_102' title='bbox 1652 1487 1902 1546; x_wconf 84' lang='lat' dir='ltr'><strong>facultas</strong></span> <span class='ocrx_word' id='word_1_103' title='bbox 1946 1483 2403 1558; x_wconf 84' lang='lat' dir='ltr'><strong>concedebatur,</strong></span> <span class='ocrx_word' id='word_1_104' title='bbox 2440 1484 2547 1553; x_wconf 85' lang='lat' dir='ltr'><strong>sed</strong></span> 
     </span>
     <span class='ocr_line' id='line_1_13' title="bbox 346 1580 2554 1664; baseline 0.001 -25"><span class='ocrx_word' id='word_1_105' title='bbox 346 1601 560 1661; x_wconf 88' lang='lat' dir='ltr'><strong>poenas</strong></span> <span class='ocrx_word' id='word_1_106' title='bbox 588 1582 733 1643; x_wconf 89' lang='lat' dir='ltr'><strong>dare</strong></span> <span class='ocrx_word' id='word_1_107' title='bbox 761 1584 1187 1664; x_wconf 90' lang='lat' dir='ltr'><strong>potentioribus</strong></span> <span class='ocrx_word' id='word_1_108' title='bbox 1218 1605 1460 1646; x_wconf 87' lang='lat' dir='ltr'><strong>necesse</strong></span> <span class='ocrx_word' id='word_1_109' title='bbox 1494 1594 1639 1658; x_wconf 86' lang='lat' dir='ltr'><strong>erat,</strong></span> <span class='ocrx_word' id='word_1_110' title='bbox 1683 1583 1735 1644; x_wconf 89' lang='lat' dir='ltr'><strong>si</strong></span> <span class='ocrx_word' id='word_1_111' title='bbox 1782 1582 1913 1663; x_wconf 89' lang='lat' dir='ltr'><strong>quis</strong></span> <span class='ocrx_word' id='word_1_112' title='bbox 1945 1580 2038 1644; x_wconf 87' lang='lat' dir='ltr'><strong>vel</strong></span> <span class='ocrx_word' id='word_1_113' title='bbox 2065 1583 2364 1642; x_wconf 88' lang='lat' dir='ltr'><strong>minimum</strong></span> <span class='ocrx_word' id='word_1_114' title='bbox 2393 1590 2554 1642; x_wconf 86' lang='lat' dir='ltr'><strong>esset</strong></span> 
     </span>
     <span class='ocr_line' id='line_1_14' title="bbox 334 1677 2549 1764; baseline 0.001 -27"><span class='ocrx_word' id='word_1_115' title='bbox 334 1677 691 1740; x_wconf 77' lang='lat' dir='ltr'><strong>oblocutus.</strong></span> <span class='ocrx_word' id='word_1_116' title='bbox 773 1681 937 1743; x_wconf 85' lang='lat' dir='ltr'><strong>Idem</strong></span> <span class='ocrx_word' id='word_1_117' title='bbox 988 1683 1145 1743; x_wconf 91' lang='lat' dir='ltr'><strong>enim</strong></span> <span class='ocrx_word' id='word_1_118' title='bbox 1183 1684 1630 1764; x_wconf 84' lang='lat' dir='ltr'><strong>Aristophanes,</strong></span> <span class='ocrx_word' id='word_1_119' title='bbox 1678 1680 2195 1761; x_wconf 54' lang='lat' dir='ltr'><strong>quemadmodumx</strong></span> <span class='ocrx_word' id='word_1_120' title='bbox 2216 1680 2278 1738; x_wconf 92' lang='lat' dir='ltr'><strong>in</strong></span> <span class='ocrx_word' id='word_1_121' title='bbox 2322 1678 2549 1739; x_wconf 88' lang='lat' dir='ltr'><strong>Achar-</strong></span> 
     </span>
     <span class='ocr_line' id='line_1_15' title="bbox 347 1773 2549 1860; baseline 0 -27"><span class='ocrx_word' id='word_1_122' title='bbox 347 1776 637 1837; x_wconf 89' lang='lat' dir='ltr'><strong>neusibus</strong></span> <span class='ocrx_word' id='word_1_123' title='bbox 667 1777 714 1836; x_wconf 94' lang='lat' dir='ltr'><strong>F</strong></span> <span class='ocrx_word' id='word_1_124' title='bbox 717 1781 895 1840; x_wconf 84' lang='lat' dir='ltr'><strong>abula</strong></span> <span class='ocrx_word' id='word_1_125' title='bbox 921 1780 997 1841; x_wconf 89' lang='lat' dir='ltr'><strong>de</strong></span> <span class='ocrx_word' id='word_1_126' title='bbox 1022 1800 1086 1841; x_wconf 91' lang='lat' dir='ltr'><strong>se</strong></span> <span class='ocrx_word' id='word_1_127' title='bbox 1113 1782 1239 1860; x_wconf 89' lang='lat' dir='ltr'><strong>ipse</strong></span> <span class='ocrx_word' id='word_1_128' title='bbox 1268 1781 1553 1851; x_wconf 87' lang='lat' dir='ltr'><strong>meminit,</strong></span> <span class='ocrx_word' id='word_1_129' title='bbox 1597 1779 1860 1859; x_wconf 88' lang='lat' dir='ltr'><strong>quinque</strong></span> <span class='ocrx_word' id='word_1_130' title='bbox 1891 1778 2242 1837; x_wconf 87' lang='lat' dir='ltr'><strong>talentorum</strong></span> <span class='ocrx_word' id='word_1_131' title='bbox 2270 1773 2549 1834; x_wconf 87' lang='lat' dir='ltr'><strong>mulctam</strong></span> 
     </span>
     <span class='ocr_line' id='line_1_16' title="bbox 347 1870 2550 1958; baseline -0 -27"><span class='ocrx_word' id='word_1_132' title='bbox 347 1892 673 1952; x_wconf 86' lang='lat' dir='ltr'><strong>perpessus</strong></span> <span class='ocrx_word' id='word_1_133' title='bbox 704 1885 817 1947; x_wconf 89' lang='lat' dir='ltr'><strong>est,</strong></span> <span class='ocrx_word' id='word_1_134' title='bbox 864 1887 1175 1958; x_wconf 89' lang='lat' dir='ltr'><strong>propterea</strong></span> <span class='ocrx_word' id='word_1_135' title='bbox 1202 1875 1363 1956; x_wconf 90' lang='lat' dir='ltr'><strong>quod</strong></span> <span class='ocrx_word' id='word_1_136' title='bbox 1392 1875 1636 1936; x_wconf 88' lang='lat' dir='ltr'><strong>Cleonis</strong></span> <span class='ocrx_word' id='word_1_137' title='bbox 1663 1875 1969 1955; x_wconf 88' lang='lat' dir='ltr'><strong>cujusdam</strong></span> <span class='ocrx_word' id='word_1_138' title='bbox 1997 1893 2071 1933; x_wconf 84' lang='lat' dir='ltr'><strong>ex</strong></span> <span class='ocrx_word' id='word_1_139' title='bbox 2101 1870 2550 1932; x_wconf 87' lang='lat' dir='ltr'><strong>Atheniensium</strong></span> 
     </span>
     <span class='ocr_line' id='line_1_17' title="bbox 349 1968 2549 2054; baseline -0.001 -24"><span class='ocrx_word' id='word_1_140' title='bbox 349 1971 737 2050; x_wconf 87' lang='lat' dir='ltr'><strong>optimatibus</strong></span> <span class='ocrx_word' id='word_1_141' title='bbox 782 1973 1186 2054; x_wconf 88' lang='lat' dir='ltr'><strong>impotentiam</strong></span> <span class='ocrx_word' id='word_1_142' title='bbox 1214 1983 1276 2033; x_wconf 90' lang='lat' dir='ltr'><strong>et</strong></span> <span class='ocrx_word' id='word_1_143' title='bbox 1301 1973 1641 2054; x_wconf 90' lang='lat' dir='ltr'><strong>peculatum</strong></span> <span class='ocrx_word' id='word_1_144' title='bbox 1669 1992 1771 2052; x_wconf 89' lang='lat' dir='ltr'><strong>per</strong></span> <span class='ocrx_word' id='word_1_145' title='bbox 1800 1971 2041 2050; x_wconf 87' lang='lat' dir='ltr'><strong>Equites</strong></span> <span class='ocrx_word' id='word_1_146' title='bbox 2072 1969 2359 2030; x_wconf 85' lang='lat' dir='ltr'><strong>Fabulam</strong></span> <span class='ocrx_word' id='word_1_147' title='bbox 2385 1968 2549 2029; x_wconf 86' lang='lat' dir='ltr'><strong>dete-</strong></span> 
     </span>
     <span class='ocr_line' id='line_1_18' title="bbox 345 2064 2546 2147; baseline -0.002 -18"><span class='ocrx_word' id='word_1_148' title='bbox 345 2088 489 2147; x_wconf 88' lang='lat' dir='ltr'><strong>gere</strong></span> <span class='ocrx_word' id='word_1_149' title='bbox 518 2079 852 2131; x_wconf 87' lang='lat' dir='ltr'><strong>conaretur.</strong></span> <span class='ocrx_word' id='word_1_150' title='bbox 938 2071 1296 2131; x_wconf 81' lang='lat' dir='ltr'><strong>Etenimilli</strong></span> <span class='ocrx_word' id='word_1_151' title='bbox 1344 2070 1496 2131; x_wconf 89' lang='lat' dir='ltr'><strong>adeo</strong></span> <span class='ocrx_word' id='word_1_152' title='bbox 1541 2069 1651 2130; x_wconf 80' lang='lat' dir='ltr'><strong>fuit</strong></span> <span class='ocrx_word' id='word_1_153' title='bbox 1694 2069 1981 2141; x_wconf 72' lang='lat' dir='ltr'><strong>infensus,</strong></span> <span class='ocrx_word' id='word_1_154' title='bbox 2027 2078 2109 2140; x_wconf 88' lang='lat' dir='ltr'><strong>ut,</strong></span> <span class='ocrx_word' id='word_1_155' title='bbox 2154 2066 2429 2147; x_wconf 90' lang='lat' dir='ltr'><strong>quoniam</strong></span> <span class='ocrx_word' id='word_1_156' title='bbox 2470 2064 2546 2126; x_wconf 89' lang='lat' dir='ltr'><strong>ab</strong></span> 
     </span>
     <span class='ocr_line' id='line_1_19' title="bbox 344 2162 2545 2247; baseline -0.001 -21"><span class='ocrx_word' id='word_1_157' title='bbox 344 2167 560 2246; x_wconf 86' lang='lat' dir='ltr'><strong>opifice</strong></span> <span class='ocrx_word' id='word_1_158' title='bbox 584 2187 917 2246; x_wconf 82' lang='lat' dir='ltr'><strong>personam</strong></span> <span class='ocrx_word' id='word_1_159' title='bbox 965 2169 1177 2229; x_wconf 88' lang='lat' dir='ltr'><strong>Cleoni</strong></span> <span class='ocrx_word' id='word_1_160' title='bbox 1223 2168 1470 2230; x_wconf 88' lang='lat' dir='ltr'><strong>similem</strong></span> <span class='ocrx_word' id='word_1_161' title='bbox 1515 2168 1732 2228; x_wconf 89' lang='lat' dir='ltr'><strong>habere</strong></span> <span class='ocrx_word' id='word_1_162' title='bbox 1778 2187 1896 2228; x_wconf 92' lang='lat' dir='ltr'><strong>non</strong></span> <span class='ocrx_word' id='word_1_163' title='bbox 1942 2175 2167 2247; x_wconf 88' lang='lat' dir='ltr'><strong>posset,</strong></span> <span class='ocrx_word' id='word_1_164' title='bbox 2222 2164 2332 2224; x_wconf 86' lang='lat' dir='ltr'><strong>sibi</strong></span> <span class='ocrx_word' id='word_1_165' title='bbox 2379 2162 2545 2223; x_wconf 88' lang='lat' dir='ltr'><strong>milto</strong></span> 
     </span>
     <span class='ocr_line' id='line_1_20' title="bbox 343 2259 2549 2345; baseline -0.001 -23"><span class='ocrx_word' id='word_1_166' title='bbox 343 2264 683 2344; x_wconf 88' lang='lat' dir='ltr'><strong>ceterisque</strong></span> <span class='ocrx_word' id='word_1_167' title='bbox 727 2264 790 2324; x_wconf 89' lang='lat' dir='ltr'><strong>id</strong></span> <span class='ocrx_word' id='word_1_168' title='bbox 838 2285 1027 2345; x_wconf 83' lang='lat' dir='ltr'><strong>genus</strong></span> <span class='ocrx_word' id='word_1_169' title='bbox 1068 2267 1220 2328; x_wconf 88' lang='lat' dir='ltr'><strong>fucis</strong></span> <span class='ocrx_word' id='word_1_170' title='bbox 1248 2265 1650 2327; x_wconf 77' lang='lat' dir='ltr'><strong>concinnarit:</strong></span> <span class='ocrx_word' id='word_1_171' title='bbox 1694 2263 2192 2341; x_wconf 80' lang='lat' dir='ltr'><strong>histrionibusque</strong></span> <span class='ocrx_word' id='word_1_172' title='bbox 2218 2281 2343 2340; x_wconf 81' lang='lat' dir='ltr'><strong>prae</strong></span> <span class='ocrx_word' id='word_1_173' title='bbox 2370 2259 2549 2319; x_wconf 91' lang='lat' dir='ltr'><strong>nimio</strong></span> 
     </span>
     <span class='ocr_line' id='line_1_21' title="bbox 345 2356 2545 2442; baseline -0.002 -23"><span class='ocrx_word' id='word_1_174' title='bbox 345 2370 512 2420; x_wconf 88' lang='lat' dir='ltr'><strong>metu</strong></span> <span class='ocrx_word' id='word_1_175' title='bbox 552 2381 587 2421; x_wconf 89' lang='lat' dir='ltr'><strong>e</strong></span> <span class='ocrx_word' id='word_1_176' title='bbox 634 2382 815 2423; x_wconf 89' lang='lat' dir='ltr'><strong>scena</strong></span> <span class='ocrx_word' id='word_1_177' title='bbox 857 2364 1093 2442; x_wconf 88' lang='lat' dir='ltr'><strong>prodire</strong></span> <span class='ocrx_word' id='word_1_178' title='bbox 1140 2384 1260 2423; x_wconf 92' lang='lat' dir='ltr'><strong>non</strong></span> <span class='ocrx_word' id='word_1_179' title='bbox 1309 2362 1686 2434; x_wconf 84' lang='lat' dir='ltr'><strong>audentibus,</strong></span> <span class='ocrx_word' id='word_1_180' title='bbox 1736 2360 1977 2421; x_wconf 90' lang='lat' dir='ltr'><strong>Cleonis</strong></span> <span class='ocrx_word' id='word_1_181' title='bbox 2021 2377 2334 2440; x_wconf 88' lang='lat' dir='ltr'><strong>personam</strong></span> <span class='ocrx_word' id='word_1_182' title='bbox 2381 2356 2545 2416; x_wconf 89' lang='lat' dir='ltr'><strong>solus</strong></span> 
     </span>
     <span class='ocr_line' id='line_1_22' title="bbox 346 2456 2546 2543; baseline -0.002 -27"><span class='ocrx_word' id='word_1_183' title='bbox 346 2476 529 2537; x_wconf 85' lang='lat' dir='ltr'><strong>agere</strong></span> <span class='ocrx_word' id='word_1_184' title='bbox 559 2478 679 2518; x_wconf 90' lang='lat' dir='ltr'><strong>non</strong></span> <span class='ocrx_word' id='word_1_185' title='bbox 724 2459 1024 2522; x_wconf 85' lang='lat' dir='ltr'><strong>dubitarit.</strong></span> <span class='ocrx_word' id='word_1_186' title='bbox 1105 2462 1349 2543; x_wconf 88' lang='lat' dir='ltr'><strong>Eupolis</strong></span> <span class='ocrx_word' id='word_1_187' title='bbox 1379 2481 1517 2522; x_wconf 87' lang='lat' dir='ltr'><strong>vero</strong></span> <span class='ocrx_word' id='word_1_188' title='bbox 1547 2479 1812 2542; x_wconf 88' lang='lat' dir='ltr'><strong>praeceps</strong></span> <span class='ocrx_word' id='word_1_189' title='bbox 1840 2459 1897 2518; x_wconf 91' lang='lat' dir='ltr'><strong>in</strong></span> <span class='ocrx_word' id='word_1_190' title='bbox 1926 2477 2085 2517; x_wconf 89' lang='lat' dir='ltr'><strong>mare</strong></span> <span class='ocrx_word' id='word_1_191' title='bbox 2114 2456 2290 2515; x_wconf 86' lang='lat' dir='ltr'><strong>datus</strong></span> <span class='ocrx_word' id='word_1_192' title='bbox 2316 2462 2429 2527; x_wconf 88' lang='lat' dir='ltr'><strong>est,</strong></span> <span class='ocrx_word' id='word_1_193' title='bbox 2471 2471 2546 2512; x_wconf 88' lang='lat' dir='ltr'><strong>eo</strong></span> 
     </span>
     <span class='ocr_line' id='line_1_23' title="bbox 343 2550 2548 2637; baseline -0.002 -24"><span class='ocrx_word' id='word_1_194' title='bbox 343 2554 513 2632; x_wconf 91' lang='lat' dir='ltr'><strong>quod</strong></span> <span class='ocrx_word' id='word_1_195' title='bbox 542 2556 906 2635; x_wconf 87' lang='lat' dir='ltr'><strong>potentiores</strong></span> <span class='ocrx_word' id='word_1_196' title='bbox 936 2557 1172 2637; x_wconf 86' lang='lat' dir='ltr'><strong>aliquot·</strong></span> <span class='ocrx_word' id='word_1_197' title='bbox 1191 2558 1248 2616; x_wconf 94' lang='lat' dir='ltr'><strong>in</strong></span> <span class='ocrx_word' id='word_1_198' title='bbox 1280 2558 1486 2637; x_wconf 89' lang='lat' dir='ltr'><strong>Baptis</strong></span> <span class='ocrx_word' id='word_1_199' title='bbox 1514 2557 1715 2619; x_wconf 88' lang='lat' dir='ltr'><strong>fabula</strong></span> <span class='ocrx_word' id='word_1_200' title='bbox 1745 2553 2172 2615; x_wconf 87' lang='lat' dir='ltr'><strong>momordisset.</strong></span> <span class='ocrx_word' id='word_1_201' title='bbox 2257 2553 2410 2611; x_wconf 90' lang='lat' dir='ltr'><strong>Cum</strong></span> <span class='ocrx_word' id='word_1_202' title='bbox 2437 2550 2548 2630; x_wconf 82' lang='lat' dir='ltr'><strong>igi-</strong></span> 
     </span>
     <span class='ocr_line' id='line_1_24' title="bbox 344 2651 2547 2736; baseline -0.002 -24"><span class='ocrx_word' id='word_1_203' title='bbox 344 2663 442 2713; x_wconf 89' lang='lat' dir='ltr'><strong>tur</strong></span> <span class='ocrx_word' id='word_1_204' title='bbox 484 2653 620 2714; x_wconf 86' lang='lat' dir='ltr'><strong>haec</strong></span> <span class='ocrx_word' id='word_1_205' title='bbox 662 2655 1192 2717; x_wconf 87' lang='lat' dir='ltr'><strong>animadverterent</strong></span> <span class='ocrx_word' id='word_1_206' title='bbox 1216 2658 1450 2736; x_wconf 67' lang='lat' dir='ltr'><strong>-poetae,</strong></span> <span class='ocrx_word' id='word_1_207' title='bbox 1493 2655 1883 2716; x_wconf 86' lang='lat' dir='ltr'><strong>decreverunt</strong></span> <span class='ocrx_word' id='word_1_208' title='bbox 1928 2652 2037 2711; x_wconf 91' lang='lat' dir='ltr'><strong>sibi</strong></span> <span class='ocrx_word' id='word_1_209' title='bbox 2081 2651 2204 2710; x_wconf 88' lang='lat' dir='ltr'><strong>fore</strong></span> <span class='ocrx_word' id='word_1_210' title='bbox 2237 2667 2478 2728; x_wconf 86' lang='lat' dir='ltr'><strong>prorsus</strong></span> <span class='ocrx_word' id='word_1_211' title='bbox 2509 2670 2547 2709; x_wconf 91' lang='lat' dir='ltr'><strong>a</strong></span> 
     </span>
     <span class='ocr_line' id='line_1_25' title="bbox 344 2745 2544 2832; baseline -0.002 -22"><span class='ocrx_word' id='word_1_212' title='bbox 344 2750 682 2812; x_wconf 88' lang='lat' dir='ltr'><strong>maledictis</strong></span> <span class='ocrx_word' id='word_1_213' title='bbox 726 2752 840 2812; x_wconf 89' lang='lat' dir='ltr'><strong>illis</strong></span> <span class='ocrx_word' id='word_1_214' title='bbox 878 2753 1346 2832; x_wconf 87' lang='lat' dir='ltr'><strong>temperandum.</strong></span> <span class='ocrx_word' id='word_1_215' title='bbox 1430 2754 1640 2832; x_wconf 90' lang='lat' dir='ltr'><strong>Itaque</strong></span> <span class='ocrx_word' id='word_1_216' title='bbox 1686 2748 1824 2830; x_wconf 84' lang='lat' dir='ltr'><strong>styli</strong></span> <span class='ocrx_word' id='word_1_217' title='bbox 1869 2768 2078 2807; x_wconf 89' lang='lat' dir='ltr'><strong>nasum</strong></span> <span class='ocrx_word' id='word_1_218' title='bbox 2122 2748 2198 2806; x_wconf 95' lang='lat' dir='ltr'><strong>ob</strong></span> <span class='ocrx_word' id='word_1_219' title='bbox 2237 2745 2544 2805; x_wconf 89' lang='lat' dir='ltr'><strong>imminens</strong></span> 
     </span>
    </p>
   </div>
   <div class='ocr_carea' id='block_1_3' title="bbox 342 2842 2658 2929">
    <p class='ocr_par' dir='ltr' id='par_1_3' title="bbox 342 2842 2658 2929">
     <span class='ocr_line' id='line_1_26' title="bbox 342 2842 2658 2929; baseline -0 -23"><span class='ocrx_word' id='word_1_220' title='bbox 342 2848 487 2907; x_wconf 84' lang='lat' dir='ltr'><strong>vitae</strong></span> <span class='ocrx_word' id='word_1_221' title='bbox 517 2847 829 2908; x_wconf 89' lang='lat' dir='ltr'><strong>discrimen</strong></span> <span class='ocrx_word' id='word_1_222' title='bbox 864 2849 978 2909; x_wconf 88' lang='lat' dir='ltr'><strong>alio</strong></span> <span class='ocrx_word' id='word_1_223' title='bbox 1007 2860 1444 2923; x_wconf 84' lang='lat' dir='ltr'><strong>converterunt,</strong></span> <span class='ocrx_word' id='word_1_224' title='bbox 1483 2850 1759 2929; x_wconf 80' lang='lat' dir='ltr'><strong>po&#39;emata</strong></span> <span class='ocrx_word' id='word_1_225' title='bbox 1802 2844 2025 2905; x_wconf 89' lang='lat' dir='ltr'><strong>scilicet</strong></span> <span class='ocrx_word' id='word_1_226' title='bbox 2070 2843 2310 2904; x_wconf 87' lang='lat' dir='ltr'><strong>Homeri</strong></span> <span class='ocrx_word' id='word_1_227' title='bbox 2341 2842 2546 2911; x_wconf 20' lang='lat' dir='ltr'><strong>vel—al-</strong></span> <span class='ocrx_word' id='word_1_228' title='bbox 2647 2893 2658 2905; x_wconf 77' lang='lat'><strong>.</strong></span> 
     </span>
    </p>
   </div>
   <div class='ocr_carea' id='block_1_4' title="bbox 318 2939 2548 4283">
    <p class='ocr_par' dir='ltr' id='par_1_4' title="bbox 318 2939 2548 4283">
     <span class='ocr_line' id='line_1_27' title="bbox 344 2939 2548 3026; baseline -0.002 -23"><span class='ocrx_word' id='word_1_229' title='bbox 344 2945 528 3004; x_wconf 89' lang='lat' dir='ltr'><strong>terius</strong></span> <span class='ocrx_word' id='word_1_230' title='bbox 559 2946 621 3004; x_wconf 91' lang='lat' dir='ltr'><strong>in</strong></span> <span class='ocrx_word' id='word_1_231' title='bbox 651 2944 968 3006; x_wconf 89' lang='lat' dir='ltr'><strong>ludibrium</strong></span> <span class='ocrx_word' id='word_1_232' title='bbox 993 2966 1155 3025; x_wconf 89' lang='lat' dir='ltr'><strong>saepe</strong></span> <span class='ocrx_word' id='word_1_233' title='bbox 1174 2946 1414 3026; x_wconf 89' lang='lat' dir='ltr'><strong>quidem</strong></span> <span class='ocrx_word' id='word_1_234' title='bbox 1438 2944 1716 3024; x_wconf 85' lang='lat' dir='ltr'><strong>injuriose</strong></span> <span class='ocrx_word' id='word_1_235' title='bbox 1739 2951 2064 3003; x_wconf 79' lang='lat' dir='ltr'><strong>vertentes:</strong></span> <span class='ocrx_word' id='word_1_236' title='bbox 2096 2958 2346 3019; x_wconf 88' lang='lat' dir='ltr'><strong>quorum</strong></span> <span class='ocrx_word' id='word_1_237' title='bbox 2366 2939 2548 2999; x_wconf 84' lang='lat' dir='ltr'><strong>maxi-</strong></span> 
     </span>
     <span class='ocr_line' id='line_1_28' title="bbox 343 3034 2544 3125; baseline -0.002 -24"><span class='ocrx_word' id='word_1_238' title='bbox 343 3042 754 3102; x_wconf 86' lang='lat' dir='ltr'><strong>me-Cratinus</strong></span> <span class='ocrx_word' id='word_1_239' title='bbox 783 3063 983 3104; x_wconf 89' lang='lat' dir='ltr'><strong>scenae</strong></span> <span class='ocrx_word' id='word_1_240' title='bbox 1008 3046 1349 3125; x_wconf 90' lang='lat' dir='ltr'><strong>populoque</strong></span> <span class='ocrx_word' id='word_1_241' title='bbox 1379 3051 1472 3120; x_wconf 90' lang='lat' dir='ltr'><strong>(ut</strong></span> <span class='ocrx_word' id='word_1_242' title='bbox 1498 3042 1686 3118; x_wconf 91' lang='lat' dir='ltr'><strong>aiunt)</strong></span> <span class='ocrx_word' id='word_1_243' title='bbox 1714 3041 1928 3101; x_wconf 88' lang='lat' dir='ltr'><strong>servire</strong></span> <span class='ocrx_word' id='word_1_244' title='bbox 1954 3035 2275 3098; x_wconf 85' lang='lat' dir='ltr'><strong>contendit.</strong></span> <span class='ocrx_word' id='word_1_245' title='bbox 2346 3034 2544 3096; x_wconf 88' lang='lat' dir='ltr'><strong>Nove-</strong></span> 
     </span>
     <span class='ocr_line' id='line_1_29' title="bbox 345 3133 2543 3220; baseline -0.002 -22"><span class='ocrx_word' id='word_1_246' title='bbox 345 3147 438 3198; x_wconf 91' lang='lat' dir='ltr'><strong>rat</strong></span> <span class='ocrx_word' id='word_1_247' title='bbox 463 3139 622 3198; x_wconf 88' lang='lat' dir='ltr'><strong>enim</strong></span> <span class='ocrx_word' id='word_1_248' title='bbox 647 3140 945 3217; x_wconf 87' lang='lat' dir='ltr'><strong>(arbitror)</strong></span> <span class='ocrx_word' id='word_1_249' title='bbox 972 3141 1034 3200; x_wconf 87' lang='lat' dir='ltr'><strong>id</strong></span> <span class='ocrx_word' id='word_1_250' title='bbox 1072 3141 1234 3220; x_wconf 91' lang='lat' dir='ltr'><strong>quod</strong></span> <span class='ocrx_word' id='word_1_251' title='bbox 1273 3142 1334 3200; x_wconf 88' lang='lat' dir='ltr'><strong>in</strong></span> <span class='ocrx_word' id='word_1_252' title='bbox 1383 3140 1664 3200; x_wconf 90' lang='lat' dir='ltr'><strong>Oratione</strong></span> <span class='ocrx_word' id='word_1_253' title='bbox 1708 3138 1785 3198; x_wconf 91' lang='lat' dir='ltr'><strong>de</strong></span> <span class='ocrx_word' id='word_1_254' title='bbox 1829 3138 2066 3195; x_wconf 89' lang='lat' dir='ltr'><strong>Corona</strong></span> <span class='ocrx_word' id='word_1_255' title='bbox 2111 3133 2543 3197; x_wconf 78' lang='lat' dir='ltr'><strong>Demosthenes</strong></span> 
     </span>
     <span class='ocr_line' id='line_1_30' title="bbox 344 3231 2544 3321; baseline -0.002 -27"><span class='ocrx_word' id='word_1_256' title='bbox 344 3236 582 3308; x_wconf 88' lang='lat' dir='ltr'><strong>asserit,</strong></span> <span class='ocrx_word' id='word_1_257' title='bbox 625 3256 759 3297; x_wconf 89' lang='lat' dir='ltr'><strong>esse</strong></span> <span class='ocrx_word' id='word_1_258' title='bbox 784 3248 997 3299; x_wconf 88' lang='lat' dir='ltr'><strong>natura</strong></span> <span class='ocrx_word' id='word_1_259' title='bbox 1023 3250 1446 3321; x_wconf 85' lang='lat' dir='ltr'><strong>comparatum,</strong></span> <span class='ocrx_word' id='word_1_260' title='bbox 1476 3248 1545 3298; x_wconf 92' lang='lat' dir='ltr'><strong>ut</strong></span> <span class='ocrx_word' id='word_1_261' title='bbox 1571 3237 1839 3298; x_wconf 88' lang='lat' dir='ltr'><strong>homines</strong></span> <span class='ocrx_word' id='word_1_262' title='bbox 1869 3232 2073 3293; x_wconf 91' lang='lat' dir='ltr'><strong>libenti</strong></span> <span class='ocrx_word' id='word_1_263' title='bbox 2103 3231 2299 3291; x_wconf 90' lang='lat' dir='ltr'><strong>animo</strong></span> <span class='ocrx_word' id='word_1_264' title='bbox 2321 3231 2544 3291; x_wconf 90' lang='lat' dir='ltr'><strong>calum-</strong></span> 
     </span>
     <span class='ocr_line' id='line_1_31' title="bbox 346 3328 2544 3415; baseline -0.002 -24"><span class='ocrx_word' id='word_1_265' title='bbox 346 3333 477 3392; x_wconf 91' lang='lat' dir='ltr'><strong>nias</strong></span> <span class='ocrx_word' id='word_1_266' title='bbox 507 3334 755 3394; x_wconf 86' lang='lat' dir='ltr'><strong>aliorum</strong></span> <span class='ocrx_word' id='word_1_267' title='bbox 782 3333 984 3397; x_wconf 87' lang='lat' dir='ltr'><strong>audire</strong></span> <span class='ocrx_word' id='word_1_268' title='bbox 1012 3335 1338 3397; x_wconf 82' lang='lat' dir='ltr'><strong>videantur.</strong></span> <span class='ocrx_word' id='word_1_269' title='bbox 1411 3335 1659 3415; x_wconf 83' lang='lat' dir='ltr'><strong>Ulysses</strong></span> <span class='ocrx_word' id='word_1_270' title='bbox 1687 3334 1885 3412; x_wconf 86' lang='lat' dir='ltr'><strong>itaque</strong></span> <span class='ocrx_word' id='word_1_271' title='bbox 1916 3328 2127 3410; x_wconf 86' lang='lat' dir='ltr'><strong>plurali</strong></span> <span class='ocrx_word' id='word_1_272' title='bbox 2159 3347 2399 3388; x_wconf 88' lang='lat' dir='ltr'><strong>numero</strong></span> <span class='ocrx_word' id='word_1_273' title='bbox 2428 3328 2476 3386; x_wconf 92' lang='lat' dir='ltr'><strong>F</strong></span> <span class='ocrx_word' id='word_1_274' title='bbox 2478 3348 2544 3409; x_wconf 80' lang='lat' dir='ltr'><strong>a-</strong></span> 
     </span>
     <span class='ocr_line' id='line_1_32' title="bbox 347 3425 2545 3513; baseline -0.003 -25"><span class='ocrx_word' id='word_1_275' title='bbox 347 3429 547 3489; x_wconf 89' lang='lat' dir='ltr'><strong>bulam</strong></span> <span class='ocrx_word' id='word_1_276' title='bbox 578 3430 764 3504; x_wconf 88' lang='lat' dir='ltr'><strong>dedit,</strong></span> <span class='ocrx_word' id='word_1_277' title='bbox 805 3452 942 3511; x_wconf 88' lang='lat' dir='ltr'><strong>quae</strong></span> <span class='ocrx_word' id='word_1_278' title='bbox 971 3432 1152 3493; x_wconf 87' lang='lat' dir='ltr'><strong>totius</strong></span> <span class='ocrx_word' id='word_1_279' title='bbox 1172 3432 1474 3513; x_wconf 80' lang='lat' dir='ltr'><strong>Odysseae</strong></span> <span class='ocrx_word' id='word_1_280' title='bbox 1494 3430 1948 3492; x_wconf 89' lang='lat' dir='ltr'><strong>calumniaretur</strong></span> <span class='ocrx_word' id='word_1_281' title='bbox 1976 3425 2300 3485; x_wconf 89' lang='lat' dir='ltr'><strong>historiam.</strong></span> <span class='ocrx_word' id='word_1_282' title='bbox 2380 3425 2545 3483; x_wconf 88' lang='lat' dir='ltr'><strong>Aris·</strong></span> 
     </span>
     <span class='ocr_line' id='line_1_33' title="bbox 345 3522 2540 3610; baseline -0.003 -23"><span class='ocrx_word' id='word_1_283' title='bbox 345 3528 642 3606; x_wconf 88' lang='lat' dir='ltr'><strong>tophanes</strong></span> <span class='ocrx_word' id='word_1_284' title='bbox 692 3548 951 3609; x_wconf 84' lang='lat' dir='ltr'><strong>quoque,</strong></span> <span class='ocrx_word' id='word_1_285' title='bbox 1014 3541 1330 3610; x_wconf 89' lang='lat' dir='ltr'><strong>postquam</strong></span> <span class='ocrx_word' id='word_1_286' title='bbox 1382 3548 1491 3590; x_wconf 89' lang='lat' dir='ltr'><strong>suo</strong></span> <span class='ocrx_word' id='word_1_287' title='bbox 1542 3528 1697 3589; x_wconf 87' lang='lat' dir='ltr'><strong>malo</strong></span> <span class='ocrx_word' id='word_1_288' title='bbox 1744 3537 1952 3586; x_wconf 89' lang='lat' dir='ltr'><strong>contra</strong></span> <span class='ocrx_word' id='word_1_289' title='bbox 2000 3522 2299 3583; x_wconf 87' lang='lat' dir='ltr'><strong>stimulum</strong></span> <span class='ocrx_word' id='word_1_290' title='bbox 2347 3523 2540 3582; x_wconf 88' lang='lat' dir='ltr'><strong>calces</strong></span> 
     </span>
     <span class='ocr_line' id='line_1_34' title="bbox 345 3619 2540 3702; baseline -0.003 -19"><span class='ocrx_word' id='word_1_291' title='bbox 345 3625 493 3685; x_wconf 89' lang='lat' dir='ltr'><strong>nihil</strong></span> <span class='ocrx_word' id='word_1_292' title='bbox 538 3626 737 3687; x_wconf 89' lang='lat' dir='ltr'><strong>valere</strong></span> <span class='ocrx_word' id='word_1_293' title='bbox 782 3627 1111 3702; x_wconf 88' lang='lat' dir='ltr'><strong>didicisset,</strong></span> <span class='ocrx_word' id='word_1_294' title='bbox 1153 3629 1215 3688; x_wconf 90' lang='lat' dir='ltr'><strong>in</strong></span> <span class='ocrx_word' id='word_1_295' title='bbox 1256 3629 1498 3689; x_wconf 88' lang='lat' dir='ltr'><strong>alteram</strong></span> <span class='ocrx_word' id='word_1_296' title='bbox 1531 3647 1600 3687; x_wconf 79' lang='lat' dir='ltr'><strong>se.</strong></span> <span class='ocrx_word' id='word_1_297' title='bbox 1623 3626 1871 3686; x_wconf 86' lang='lat' dir='ltr'><strong>formam</strong></span> <span class='ocrx_word' id='word_1_298' title='bbox 1897 3620 2068 3702; x_wconf 88' lang='lat' dir='ltr'><strong>quasi</strong></span> <span class='ocrx_word' id='word_1_299' title='bbox 2109 3619 2540 3679; x_wconf 81' lang='lat' dir='ltr'><strong>Proteuscon-</strong></span> 
     </span>
     <span class='ocr_line' id='line_1_35' title="bbox 345 3711 2539 3802; baseline -0.005 -23"><span class='ocrx_word' id='word_1_300' title='bbox 345 3723 543 3795; x_wconf 88' lang='lat' dir='ltr'><strong>vertit,</strong></span> <span class='ocrx_word' id='word_1_301' title='bbox 575 3723 808 3783; x_wconf 89' lang='lat' dir='ltr'><strong>AEolum</strong></span> <span class='ocrx_word' id='word_1_302' title='bbox 833 3724 1059 3784; x_wconf 86' lang='lat' dir='ltr'><strong>scilicet</strong></span> <span class='ocrx_word' id='word_1_303' title='bbox 1089 3726 1374 3785; x_wconf 88' lang='lat' dir='ltr'><strong>Fabulam</strong></span> <span class='ocrx_word' id='word_1_304' title='bbox 1405 3744 1441 3784; x_wconf 90' lang='lat' dir='ltr'><strong>a</strong></span> <span class='ocrx_word' id='word_1_305' title='bbox 1467 3723 1731 3801; x_wconf 84' lang='lat' dir='ltr'><strong>Tragicis</strong></span> <span class='ocrx_word' id='word_1_306' title='bbox 1760 3721 1899 3781; x_wconf 91' lang='lat' dir='ltr'><strong>olim</strong></span> <span class='ocrx_word' id='word_1_307' title='bbox 1928 3716 2303 3786; x_wconf 88' lang='lat' dir='ltr'><strong>celebratam,</strong></span> <span class='ocrx_word' id='word_1_308' title='bbox 2332 3712 2391 3770; x_wconf 89' lang='lat' dir='ltr'><strong>in</strong></span> <span class='ocrx_word' id='word_1_309' title='bbox 2420 3711 2539 3802; x_wconf 78' lang='lat' dir='ltr'><strong>Co-</strong></span> 
     </span>
     <span class='ocr_line' id='line_1_36' title="bbox 343 3809 2539 3901; baseline -0.004 -24"><span class='ocrx_word' id='word_1_310' title='bbox 343 3818 562 3878; x_wconf 88' lang='lat' dir='ltr'><strong>micam</strong></span> <span class='ocrx_word' id='word_1_311' title='bbox 592 3823 1004 3881; x_wconf 78' lang='grc' dir='ltr'>αἰολοσσικῶνα</span> <span class='ocrx_word' id='word_1_312' title='bbox 1034 3821 1359 3882; x_wconf 89' lang='lat' dir='ltr'><strong>deridendo</strong></span> <span class='ocrx_word' id='word_1_313' title='bbox 1387 3821 1755 3901; x_wconf 85' lang='lat' dir='ltr'><strong>permutavit.</strong></span> <span class='ocrx_word' id='word_1_314' title='bbox 1808 3817 1912 3876; x_wconf 90' lang='lat' dir='ltr'><strong>Ille</strong></span> <span class='ocrx_word' id='word_1_315' title='bbox 1938 3814 2091 3872; x_wconf 86' lang='lat' dir='ltr'><strong>idem</strong></span> <span class='ocrx_word' id='word_1_316' title='bbox 2116 3809 2539 3888; x_wconf 87' lang='lat' dir='ltr'><strong>Aristophanes</strong></span> 
     </span>
     <span class='ocr_line' id='line_1_37' title="bbox 342 3905 2537 3993; baseline -0.005 -19"><span class='ocrx_word' id='word_1_317' title='bbox 342 3916 578 3991; x_wconf 89' lang='lat' dir='ltr'><strong>(mirum</strong></span> <span class='ocrx_word' id='word_1_318' title='bbox 608 3916 801 3993; x_wconf 90' lang='lat' dir='ltr'><strong>dictu)</strong></span> <span class='ocrx_word' id='word_1_319' title='bbox 822 3937 993 3978; x_wconf 88' lang='lat' dir='ltr'><strong>novae</strong></span> <span class='ocrx_word' id='word_1_320' title='bbox 1023 3921 1201 3980; x_wconf 89' lang='lat' dir='ltr'><strong>etiam</strong></span> <span class='ocrx_word' id='word_1_321' title='bbox 1229 3918 1457 3979; x_wconf 84' lang='lat' dir='ltr'><strong>initium</strong></span> <span class='ocrx_word' id='word_1_322' title='bbox 1483 3915 1807 3977; x_wconf 78' lang='lat' dir='ltr'><strong>Comoedias</strong></span> <span class='ocrx_word' id='word_1_323' title='bbox 1829 3911 2015 3983; x_wconf 87' lang='lat' dir='ltr'><strong>dedit,</strong></span> <span class='ocrx_word' id='word_1_324' title='bbox 2035 3907 2199 3988; x_wconf 88' lang='lat' dir='ltr'><strong>quod</strong></span> <span class='ocrx_word' id='word_1_325' title='bbox 2220 3906 2391 3967; x_wconf 85' lang='lat' dir='ltr'><strong>velim</strong></span> <span class='ocrx_word' id='word_1_326' title='bbox 2411 3905 2537 3985; x_wconf 89' lang='lat' dir='ltr'><strong>ejus</strong></span> 
     </span>
     <span class='ocr_line' id='line_1_38' title="bbox 344 4002 2540 4092; baseline -0.004 -23"><span class='ocrx_word' id='word_1_327' title='bbox 344 4013 588 4091; x_wconf 83' lang='lat' dir='ltr'><strong>egregia</strong></span> <span class='ocrx_word' id='word_1_328' title='bbox 613 4011 791 4073; x_wconf 89' lang='lat' dir='ltr'><strong>laude</strong></span> <span class='ocrx_word' id='word_1_329' title='bbox 823 4013 1044 4075; x_wconf 89' lang='lat' dir='ltr'><strong>dictum</strong></span> <span class='ocrx_word' id='word_1_330' title='bbox 1074 4016 1388 4076; x_wconf 85' lang='lat' dir='ltr'><strong>arbitreris.</strong></span> <span class='ocrx_word' id='word_1_331' title='bbox 1471 4014 1707 4092; x_wconf 88' lang='lat' dir='ltr'><strong>Quippe</strong></span> <span class='ocrx_word' id='word_1_332' title='bbox 1734 4031 1868 4072; x_wconf 88' lang='lat' dir='ltr'><strong>cum</strong></span> <span class='ocrx_word' id='word_1_333' title='bbox 1895 4028 2048 4068; x_wconf 91' lang='lat' dir='ltr'><strong>unus</strong></span> <span class='ocrx_word' id='word_1_334' title='bbox 2074 4008 2202 4087; x_wconf 89' lang='lat' dir='ltr'><strong>ipse</strong></span> <span class='ocrx_word' id='word_1_335' title='bbox 2230 4014 2411 4085; x_wconf 84' lang='lat' dir='ltr'><strong>queat</strong></span> <span class='ocrx_word' id='word_1_336' title='bbox 2435 4002 2540 4063; x_wconf 84' lang='lat' dir='ltr'><strong>tri-</strong></span> 
     </span>
     <span class='ocr_line' id='line_1_39' title="bbox 318 4104 2543 4193; baseline -0.003 -28"><span class='ocrx_word' id='word_1_337' title='bbox 318 4107 517 4185; x_wconf 74' lang='lat' dir='ltr'><strong>-plicis</strong></span> <span class='ocrx_word' id='word_1_338' title='bbox 549 4110 881 4186; x_wconf 80' lang='lat' dir='ltr'><strong>argumenti</strong></span> <span class='ocrx_word' id='word_1_339' title='bbox 908 4113 1087 4190; x_wconf 71' lang='lat' dir='ltr'><strong>poeta</strong></span> <span class='ocrx_word' id='word_1_340' title='bbox 1114 4112 1370 4193; x_wconf 89' lang='lat' dir='ltr'><strong>reperiri,</strong></span> <span class='ocrx_word' id='word_1_341' title='bbox 1415 4109 1704 4188; x_wconf 83' lang='lat' dir='ltr'><strong>siquidem</strong></span> <span class='ocrx_word' id='word_1_342' title='bbox 1748 4118 1809 4166; x_wconf 87' lang='lat' dir='ltr'><strong>et</strong></span> <span class='ocrx_word' id='word_1_343' title='bbox 1845 4105 2040 4177; x_wconf 88' lang='lat' dir='ltr'><strong>aliam,</strong></span> <span class='ocrx_word' id='word_1_344' title='bbox 2086 4104 2181 4164; x_wconf 90' lang='lat' dir='ltr'><strong>cui</strong></span> <span class='ocrx_word' id='word_1_345' title='bbox 2207 4121 2418 4161; x_wconf 86' lang='lat' dir='ltr'><strong>nomen</strong></span> <span class='ocrx_word' id='word_1_346' title='bbox 2446 4110 2543 4159; x_wconf 79' lang='lat' dir='ltr'><strong>est</strong></span> 
     </span>
     <span class='ocr_line' id='line_1_40' title="bbox 346 4201 2539 4283; baseline -0.004 -19"><span class='ocrx_word' id='word_1_347' title='bbox 346 4203 605 4279; x_wconf 74' lang='lat' dir='ltr'><strong>Cocalo,</strong></span> <span class='ocrx_word' id='word_1_348' title='bbox 633 4205 916 4268; x_wconf 87' lang='lat' dir='ltr'><strong>Fabulam</strong></span> <span class='ocrx_word' id='word_1_349' title='bbox 943 4221 1308 4272; x_wconf 89' lang='lat' dir='ltr'><strong>commentus</strong></span> <span class='ocrx_word' id='word_1_350' title='bbox 1351 4229 1484 4270; x_wconf 84' lang='lat' dir='ltr'><strong>esse</strong></span> <span class='ocrx_word' id='word_1_351' title='bbox 1510 4207 1745 4278; x_wconf 86' lang='lat' dir='ltr'><strong>dicitur,</strong></span> <span class='ocrx_word' id='word_1_352' title='bbox 1787 4207 1845 4267; x_wconf 93' lang='lat' dir='ltr'><strong>in</strong></span> <span class='ocrx_word' id='word_1_353' title='bbox 1892 4224 2009 4283; x_wconf 87' lang='lat' dir='ltr'><strong>qua</strong></span> <span class='ocrx_word' id='word_1_354' title='bbox 2053 4201 2340 4281; x_wconf 86' lang='lat' dir='ltr'><strong>virginum</strong></span> <span class='ocrx_word' id='word_1_355' title='bbox 2379 4217 2539 4258; x_wconf 84' lang='lat' dir='ltr'><strong>com·</strong></span> 
     </span>
    </p>
   </div>
  </div>
 </body>
</html>
