3050 4942
1011 378 1109 429 ns
1153 378 1456 430 comms
1501 380 1891 452 nasutis.
2413 372 2540 441 183

598 519 865 581 Similem
890 539 1013 581 rem
1037 519 1164 600 ipse
1188 520 1250 580 in
1277 520 1471 602 legem
1488 521 1671 602 jussit
1696 542 1828 584 esse
1853 521 2083 604 Jupiter
2106 545 2123 587 ι

355 620 480 679 Aut
504 617 829 698 corripitur,
868 637 1047 679 esse:
1090 627 1194 678 aut
1218 627 1314 679 est
1340 622 1454 680 κατ’
1482 620 1940 702 ἐπισυναλοιφὴν,
1987 622 2257 700 similem,
2285 624 2536 690 ’δια-ὑλ.

354 716 564 791 λαβον.

599 807 680 870 Ut
705 812 1130 893 conquisitores
1154 801 1363 874 'fierent
1393 811 1814 876 histrionibus:

352 911 779 985 Histrionibus,
803 915 942 972 κατὰ
965 913 1281 985 curtinum.
1362 911 1494 972 Nisi
1521 912 1792 973 maluerit
1817 912 2049 993 aliquis,
2074 928 2538 996 conquaestores.

597 1009 734 1081 Qui,
763 1028 837 1069 ne
865 1027 981 1087 quo
1010 1006 1268 1086 placeret
1296 1007 1462 1082 alter,
1487 1008 1737 1070 fecisset
1762 1010 1954 1070 minus
1979 1030 1999 1071 ι

354 1105 472 1175 Qui
519 1124 599 1167 nc
643 1123 762 1185 quo
810 1103 1151 1184 spondaeus,
1201 1105 1673 1184 pronuntiatione
1723 1106 1979 1167 mediam
2019 1108 2309 1189 syliabam
2333 1113 2535 1174 absor-

349 1204 550 1264 bente.
986 1217 1003 1226 ”
1499 1258 1503 1263 .

593 1299 713 1367 Qui
744 1318 879 1359 cum
904 1299 1326 1381 Amphitryone
1354 1300 1539 1362 abivit
1563 1299 1703 1361 hinc
1728 1300 1787 1359 in
1815 1300 2174 1363 exercitum:
2243 1351 2248 1356 .

356 1396 435 1454 Et
457 1413 634 1455 mox:

595 1491 771 1552 Nunc
804 1491 983 1553 hodie
1015 1494 1359 1576 Amphitryo
1385 1494 1581 1556 veniet
1605 1494 1723 1555 huc
1750 1496 1825 1554 ab
1852 1494 2130 1557 exercitu.

352 1589 508 1650 Hinc
534 1588 595 1648 in
622 1608 755 1663 exe,
798 1599 859 1650 et
883 1590 1001 1651 huc
1030 1592 1104 1652 ab
1126 1611 1256 1666 exe,
1284 1593 1558 1672 spondaei
1586 1603 1726 1653 sunt
1750 1592 1877 1672 pari
1903 1595 2130 1656 ratione
2156 1596 2529 1671 concisionis,

349 1686 408 1745 in
433 1687 723 1747 brevitate
748 1687 979 1768 syllaba
1000 1690 1173 1769 quasi
1200 1700 1623 1751 evanescente.

508 1779 578 1842 In
606 1784 1026 1845 tabernaculo:
1069 1785 1131 1844 id
1158 1785 1398 1865 quidem
1423 1786 1602 1848 hodie
1629 1807 1934 1868 nunquam
1959 1787 2178 1869 poterit
2204 1788 2418 1903 dicere.
2512 1822 2516 1824 ‡

351 1878 858 1960 simplicissimum
884 1889 996 1955 est,
1024 1890 1092 1940 ut
1118 1881 1370 1960 legatur,
1400 1883 1754 1944 tabernaclo.

582 1976 784 2044 Quid
767 1997 829 2036 ιιι
856 1979 1195 2039 tabernaclo
1219 1980 1451 2039 fecisti.
1430 1980 1456 2024 7
1494 1981 1685 2041 victus
1711 2000 1862 2052 sum,
1891 1979 1940 2040 si
1972 1979 2203 2041 dixeris.

346 2071 547 2142 Quid
532 2093 591 2133 ιιι
619 2084 702 2146 ta,
730 2074 1046 2135 trochaeum
1126 2076 1257 2150 Vel,
1285 2087 1353 2137 ut
1379 2079 1732 2154 notavimus,
1762 2076 1923 2147 Quid
1953 2078 2036 2151 in,
2065 2082 2206 2139 κατὰ
2228 2076 2523 2159 διαίρεσιν,

345 2179 708 2250 anapaestus,
732 2179 797 2230 et
820 2173 1081 2245 taberna,
1108 2173 1452 2252 spondaeus.

584 2266 842 2328 Ridiculi
868 2287 1070 2342 causa,
1098 2270 1193 2329 vel
1219 2269 1377 2331 hunc
1402 2281 1613 2352 rogato
1640 2272 1907 2332 Sosiam:

351 2360 504 2420 Nam
531 2360 687 2421 hanc
713 2382 912 2423 veram
939 2362 1251 2426 lectionem
1293 2376 1478 2447 puto:
1521 2368 1635 2442 vel,
1680 2369 1862 2443 hunc,
1906 2366 2350 2449 μονοσυλλάβυε
2392 2387 2526 2449 pro-

341 2458 752 2520 nuntiandum.

584 2555 767 2629 Quin,
796 2556 846 2616 si
874 2568 937 2630 tu
966 2557 1153 2632 voles,
1185 2556 1344 2619 dorni
1374 2561 1524 2620 servi
1548 2561 1650 2640 qui
1675 2570 1817 2621 sunt
1841 2562 2114 2621 castrabo
2137 2560 2335 2622 viros:

344 2649 502 2724 Dmi,
528 2652 971 2731 μονοσνλλάβυς
995 2657 1115 2714 κατ’
1140 2656 1602 2737 ἕπισνναλοιφήν.

581 2747 936 2809 Portitor-um
966 2749 1276 2809 simillimae
1306 2763 1444 2811 sunt
1469 2751 1673 2830 januas
1699 2752 1986 2813 lenonioe:

341 2844 482 2916 Aut,
536 2844 848 2919 Portitum,
892 2850 1032 2907 κατὰ
1076 2852 1383 2922 συγκοπὴν,
1427 2859 1533 2908 aut
1574 2847 1885 2909 simillimae
1926 2854 2042 2912 κατ’
2084 2852 2524 2930 ἐπισυναλοιφὴν

337 2941 861 3019 pronuntiandum.

578 3039 694 3110 Da,
739 3059 908 3099 meus
937 3039 1193 3109 ocellus:
1238 3041 1338 3113 da,
1366 3061 1498 3103 mea
1521 3058 1699 3111 rosa·
1743 3041 1844 3115 da,
1885 3043 1966 3103 mi
1994 3044 2220 3113 anime;
2267 3044 2365 3118 da,
2387 3060 2522 3103 mea

652 3137 970 3217 voluptas:

333 3232 454 3293 Aut
475 3231 586 3305 sic,
614 3233 731 3306 Da.
762 3253 891 3293 mus
916 3234 1066 3295 ocel.
1150 3234 1274 3294 Aut
1297 3236 1406 3307 sic,
1435 3235 1555 3309 Da,
1578 3255 1676 3295 ma
1714 3255 1872 3310 rosa,
1895 3245 1962 3297 et
2000 3256 2136 3299 mea
2159 3235 2519 3316 voluptas,o

330 3330 491 3390 brevi
518 3330 823 3411 absorptO,
849 3329 1284 3407 δισσυλλᾶβωςι
1327 3332 1443 3405 vel,
1467 3351 1567 3392 ma
1593 3332 1888 3413 voluptas.

575 3427 824 3489 Lenonis
851 3429 947 3488 has
976 3439 1119 3488 sunt
1143 3428 1329 3501 aedes,
1355 3429 1508 3488 male
1531 3429 1662 3489 istis
1689 3430 1962 3490 eveniat}

329 3522 862 3598 Pronuntiandum,
889 3535 1123 3599 manat,
1151 3530 1264 3585 κατ’
1293 3525 1551 3602 ἔκθλιψιν
1574 3524 1760 3586 literas
1786 3526 1832 3585 i.

574 3620 828 3681 Credam
854 3621 1046 3702 pudor
1072 3624 1124 3682 si
1150 3623 1407 3702 cuipiam
1433 3622 1634 3682 lenoni
1657 3621 1808 3684 siet:
1903 3692 1905 3694 ‚

326 3715 840 3777 Pronuntiandum
887 3718 1141 3798 cuipiam
1173 3717 1567 3793 δισσυλλάβωε
1595 3721 1736 3778 κατὰ
1765 3721 2088 3793 maipa-ow
2107 3722 2172 3774 et
2200 3715 2514 3785 σννίέησιν.

567 3813 841 3874 Voltisne
861 3814 1047 3875 olivas
1071 3826 1175 3874 aut
1199 3815 1665 3895 pulpamentum,
1691 3822 1799 3871 aut
1816 3808 2163 3891 capparim?

326 3909 533 3971 Olivas
562 3910 977 3987 δισσυλλᾶβωε,
1005 3920 1072 3971 ut
1097 3911 1451 3985 notavimus,
1479 3920 1542 3970 et
1567 3921 1634 3984 ut
1659 3910 1720 3968 in
1746 3928 1921 3968 versu
1952 3904 2159 3966 Lucilii
2195 3910 2216 3942 ‘
2232 3902 2515 3967 maluisti’

323 4006 736 4083 τρισυλλάβως,
762 4007 826 4067 in
870 4006 1151 4087 prooemio
1179 4007 1347 4087 primi
1371 4006 1502 4073 libri
1543 4006 1619 4067 de
1668 4005 1944 4067 Finibus:
1985 4003 2081 4064 vel
2124 4002 2342 4084 potius,
2370 3999 2515 4060 Vol-

324 4101 464 4177 tine,
503 4104 717 4188 extrita
762 4103 934 4165 litera
978 4125 1031 4164 s.
1110 4105 1263 4174 Quis
1313 4114 1509 4167 autem
1535 4104 1651 4166 scit
1699 4114 1837 4168 utra
1877 4102 2074 4183 potius
2112 4097 2514 4182 pronuntiatio

329 4200 509 4261 actori
538 4200 796 4263 arriserit
812 4201 839 4259 2
2497 4241 2507 4246 -
