3050 4942
872 390 971 439 ns
1017 390 1429 446 rnAeoema
1482 391 1572 439 ΕΤ
1616 391 2001 443 commum.
2450 379 2540 445 43

336 536 528 618 operis
572 534 890 608 instantes,
933 533 994 593 in
1023 531 1144 594 alia
1178 544 1448 613 tempora
1474 532 1856 596 differamus:
1924 543 1989 596 et
2032 534 2109 596 de
2152 534 2247 596 his
2293 535 2538 598 Fabulis

327 632 452 712 jam
489 632 827 712 loquamur,
871 637 1021 713 qu'as
1065 630 1378 692 Terentius
1404 632 1666 693 imitatus
1705 644 1820 694 est.
1923 632 2250 713 Postquam
2293 635 2540 695 demon·

338 729 600 792 strandoe
628 729 871 809 originis
900 747 1084 790 causa
1110 729 1188 790 de
1227 730 1536 809 utriusque
1565 730 1797 811 generis
1844 731 2010 793 initio
2038 731 2334 793 diximus:
2376 733 2539 811 quod

336 842 584 888 necesse
603 840 720 900 est,
737 826 864 908 jam
894 826 1180 888 dicemus.

414 924 731 985 Comoedia
776 924 897 985 fere
943 935 1135 998 vetus,
1179 932 1245 984 ut
1293 924 1426 1004 ipsa
1450 942 1688 1004 quoque
1728 924 1865 985 olim
1912 924 2249 1006 Tragoedia,
2290 926 2544 1007 simplex

336 1041 577 1082 carmen
605 1020 1132 1102 (quemadmodum
1149 1021 1277 1101 jam
1303 1020 1588 1098 deimus)
1615 1022 1762 1084 suit:
1805 1023 1966 1104 quod
1994 1022 2209 1084 chorus
2226 1023 2386 1084 circa
2406 1042 2539 1084 aras
2637 1068 2650 1079 Ι

335 1119 639 1180 fumantes
669 1137 827 1179 nunc
872 1118 1187 1198 spatiatus,
1217 1137 1376 1178 nunc
1416 1119 1778 1195 consistens,
1815 1138 1973 1183 nunc
2004 1119 2311 1181 revolvens
2341 1140 2544 1201 gyros,

337 1234 471 1276 cum
500 1215 746 1277 tibicine
773 1216 1143 1277 concinebat.
1228 1214 1351 1277 Sed
1391 1216 1581 1297 primo
1623 1236 1745 1278 una
1792 1237 2050 1299 persona
2087 1218 2410 1279 substituta
2450 1226 2544 1277 est

337 1310 705 1387 cantoribus,
730 1330 889 1392 quse,
938 1312 1309 1393 respondens
1336 1313 1581 1375 alternis
1611 1312 1813 1390 choro,
1858 1314 2244 1396 locupletavit
2272 1314 2544 1375 variavit-

338 1428 456 1490 que
483 1428 612 1472 rem
641 1411 964 1471 musicam:
1006 1421 1134 1472 tum
1164 1410 1372 1487 altera,
1406 1422 1535 1473 tum
1562 1413 1757 1488 tertia,
1784 1423 1848 1474 et
1887 1412 1967 1474 ad
1993 1422 2358 1495 postremum
2384 1431 2545 1473 cres-

338 1516 517 1568 cente
566 1524 834 1581 nurnero,
877 1526 980 1587 per
1018 1517 1292 1570 auctores
1336 1508 1629 1584 diversos,
1671 1528 1968 1593 personae,
2010 1510 2209 1591 pallus,
2249 1509 2544 1582 cothurni,

337 1604 526 1678 socci,
571 1613 635 1665 et
660 1606 839 1667 eeteri
870 1616 1114 1666 ornatus
1144 1616 1323 1688 atque
1361 1608 1623 1689 insignia
1666 1609 2033 1670 scenicorum
2061 1617 2330 1690 reperta:
2379 1616 2443 1668 et
2467 1607 2547 1666 ad

335 1700 454 1763 hoc
472 1701 799 1783 unicuique
821 1720 965 1763 suus
981 1701 1259 1764 habitus:
1305 1713 1367 1765 et
1392 1703 1469 1764 ad
1491 1704 1764 1765 ultimum
1796 1704 1900 1783 qui
1926 1704 2243 1786 primarum
2275 1703 2550 1782 partium,

340 1798 447 1879 qui
471 1799 872 1859 secundarum
900 1810 963 1860 et
987 1801 1309 1875 tertiarum,
1337 1803 1439 1882 qui
1472 1810 1811 1882 quartarum
1835 1811 2014 1880 atque
2031 1799 2368 1880 quintarum
2384 1810 2549 1860 acto·

337 1890 436 1957 res
458 1908 700 1966 essent:
745 1896 1061 1957 distributa
1081 1907 1142 1959 et
1163 1897 1354 1958 divisa
1369 1897 1851 1978 quinquepartito
1871 1906 1999 1957 tota
2019 1907 2113 1958 est
2129 1895 2371 1958 sabula:
2410 1914 2550 1976 quoe

339 1994 545 2053 tamen
578 1992 640 2052 in
686 1992 829 2073 ipsis
858 2002 1021 2054 ortus
1068 1994 1160 2055 sui
1192 1995 1354 2055 velut
1378 1993 1734 2074 quibusdam
1762 1993 2161 2067 incunabulis,
2194 2005 2258 2054 et
2280 1994 2378 2053 vix
2403 1993 2549 2054 dum

338 2089 659 2169 incipienS,
685 2088 971 2172 Koeppfitn
997 2092 1248 2154 ἐτεῶνιοε
1278 2095 1369 2153 καὶ
1395 2096 1615 2174 ἀρχαία
1634 2089 1666 2134 ⁶
1699 2090 1860 2152 dicta
1885 2101 2016 2152 est:
2060 2094 2279 2173 ἀρχαία
2307 2089 2551 2166 idcirco,

342 2185 492 2265 quia
540 2193 638 2245 est
679 2185 756 2246 de
802 2186 976 2248 nobis
1008 2204 1219 2267 parurn
1263 2187 1517 2269 cognitis
1560 2187 1749 2249 vitiis:
1818 2189 2072 2249 ἑτεόνιοε
2111 2186 2359 2261 autem!
2414 2189 2555 2268 quia

344 2284 510 2342 inest
535 2280 598 2341 in
627 2298 701 2343 ea
726 2281 892 2343 velut
935 2283 1220 2346 historica
1245 2285 1397 2347 fides
1440 2304 1599 2349 veroe
1641 2283 2015 2360 narrationis,
2061 2294 2125 2345 et
2150 2283 2557 2346 denominatio

343 2378 638 2453 omnium,
664 2379 740 2439 de
771 2379 988 2460 quibus
1016 2380 1200 2443 libere
1225 2381 1691 2447 describebatur.
1772 2380 2002 2444 Etenim
2031 2400 2136 2463 per
2161 2381 2389 2463 priscos
2416 2385 2557 2462 poi}-

346 2489 469 2551 tas,
496 2492 643 2550 non,
669 2486 738 2539 ut
763 2496 944 2554 nunc,
969 2480 1208 2559 penitus
1235 2481 1378 2542 ficta
1407 2490 1796 2563 argumenta:
1854 2479 1965 2542 sed
2015 2498 2107 2540 res
2137 2489 2327 2560 gestae
2355 2497 2392 2539 a
2418 2479 2558 2539 civi-

347 2575 463 2634 bus
492 2573 695 2654 palam
723 2592 860 2635 cum
890 2593 1092 2639 eorum
1112 2597 1294 2658 soepe,
1322 2579 1426 2659 qui
1449 2588 1782 2660 gesserant,
1810 2576 2048 2638 nomine
2064 2576 2556 2638 decantabantur.

346 2672 500 2733 Ideo
543 2672 680 2752 ipsa
734 2690 844 2734 suo
896 2684 1164 2756 tempore
1213 2677 1473 2738 moribus
1524 2676 1776 2736 multum
1826 2674 2047 2756 profuit
2091 2672 2380 2733 civitatis:
2421 2690 2557 2732 cum

349 2769 768 2851 unusquisque
796 2782 1052 2848 caveret,
1078 2773 1259 2856 culpa
1286 2793 1362 2835 ne
1406 2773 1750 2854 spectaculo
1777 2771 1990 2832 ceteris
2016 2777 2199 2841 esset,
2236 2777 2300 2827 et
2323 2767 2559 2826 domes-

350 2868 475 2928 tico
532 2868 769 2948 probro.
852 2870 997 2944 Sed,
1051 2890 1188 2932 cum
1239 2872 1435 2953 po‘etse
1485 2870 1650 2932 abuti
1695 2868 1973 2931 licentius
2001 2864 2181 2947 stylo,
2228 2873 2291 2924 et
2334 2862 2559 2944 passim

349 2964 578 3025 laedere
634 2984 708 3026 ex
766 2966 1009 3029 libidine
1027 2965 1050 3002 ⁸
1116 2969 1440 3051 coepissent
1491 2968 1694 3049 plures
1744 2968 1958 3040 bonos,
2014 2984 2089 3025 ne
2143 2962 2455 3042 quisquam
2498 2961 2559 3019 in

351 3062 610 3123 alterum
652 3078 892 3124 carmen
939 3065 1159 3126 infame
1203 3075 1581 3146 proponeret,
1627 3065 1761 3145 lege
1809 3063 1933 3123 lata
1979 3061 2215 3122 siluere.
2298 3058 2377 3118 Et
2420 3056 2561 3117 hinc

355 3152 581 3219 deinde
608 3157 772 3217 aliud
802 3176 992 3239 genus
1023 3156 1289 3234 Fabulae,
1314 3161 1376 3222 id
1398 3170 1513 3233 est,
1545 3162 1779 3241 Satyra,
1803 3159 2016 3219 sumsit
2041 3156 2380 3219 exordium:
2423 3174 2564 3234 quoe

356 3274 396 3315 a
423 3255 663 3336 satyris,
714 3270 865 3334 quos
914 3256 1112 3318 illotos
1143 3278 1374 3338 semper
1428 3277 1498 3318 ae
1553 3258 1891 3337 petulantes
1922 3256 2087 3317 Deos
2138 3255 2357 3316 scimus
2404 3271 2565 3325 esse,

357 3353 624 3415 vocitata
652 3364 784 3416 est:
829 3355 940 3415 etsi
971 3354 1210 3415 aliunde
1239 3374 1451 3415 nomen
1480 3355 1731 3414 traxisse
1761 3373 1939 3435 prave
1967 3361 2183 3435 putant
2209 3350 2326 3413 alii.
2391 3349 2566 3422 Hsec,

360 3468 502 3531 quse
531 3454 748 3533 Satyra
774 3451 1011 3526 dicitur,
1042 3451 1335 3532 ejusmodi
1362 3451 1494 3525 fuit,
1518 3461 1588 3512 ut
1614 3451 1674 3510 in
1704 3469 1795 3525 ea,
1824 3451 2091 3533 quamvis
2120 3449 2270 3510 duro
2296 3457 2359 3509 et
2381 3446 2564 3508 veluti

361 3549 585 3630 agresti
606 3552 770 3629 joce,
796 3548 874 3610 de
901 3549 1058 3611 vitiis
1087 3549 1299 3609 civium
1337 3560 1534 3611 tamen
1562 3549 1689 3610 sine
1713 3548 1838 3609 ullo
1864 3549 2084 3630 proprii
2113 3545 2368 3608 nominis
2395 3542 2565 3604 titulo

425 3735 461 3781 θ
482 3729 713 3795 Κωμφδία
726 3730 978 3795 muner
988 3728 1071 3782 καὶ,
1083 3729 1283 3795 ἀρχαία]
1298 3731 1352 3780 Μ
1357 3747 1427 3782 ss.
1509 3727 1643 3791 ἔχειν
1660 3727 2022 3794 drumm«,
2039 3727 2073 3787 ἡ
2092 3726 2280 3790 βιβλία,
2299 3725 2364 3775 τὰ
2380 3722 2468 3787 μὲν
2479 3725 2568 3785 τῆς

364 3806 542 3872 ἀρχαία
555 3806 771 3872 κωμῳδία
801 3812 858 3860 et
887 3808 1319 3860 ’monomaroa
1350 3808 1428 3858 ld.
1508 3808 1714 3857 παλαιᾶς
1731 3804 1967 3869 κωμῳδίας
1995 3802 2272 3867 σκόμματα,
2309 3801 2389 3852 καὶ
2424 3819 2566 3866 ‘rapa-

427 3888 461 3933 7
493 3883 781 3946 Ἐτεόνυμος
821 3885 1003 3949 autem]
1045 3886 1173 3937 Mas.
1193 3884 1430 3935 ’Erono-
1511 3884 1625 3949 χὰς,
1638 3878 1716 3933 καὶ
1733 3879 1945 3939 στάσεις,
1965 3880 2042 3930 καὶ
2064 3877 2396 3946 αἰσχρολογίας
2406 3876 2571 3941 σημαί-

367 3964 568 4010 HA'I'OS
588 3967 761 4012 autem.
793 3959 877 4013 ld.
1512 3978 1601 4010 ni.
1629 3958 1691 4009 τὰ
1717 3959 1769 4009 δδ
1802 3958 1891 4019 τῆς
1927 3958 2027 4008 καθ’
2069 3956 2192 4020 ἡμᾶς
2226 3954 2480 4022 κωμῳδίας,
2506 3954 2573 4006 τὰ

432 4040 467 4085 8
489 4036 682 4088 Passim
700 4036 871 4088 ledere
890 4050 953 4087 ex
973 4036 1191 4101 libidine]
1228 4035 1433 4086 Veteris
1508 4034 1600 4099 μὲν
1617 4036 1746 4086 ἄλλα
1762 4031 1847 4085 ἶσα
1878 4036 1940 4101 τῇ
1968 4032 2207 4101 τραγῳδία
2243 4032 2471 4096 σημαίνει,
2506 4031 2574 4081 τὸ

371 4113 655 4165 Comoedia:
669 4121 948 4165 scommata
959 4123 1015 4164 et
1036 4112 1317 4164 maledicta
1331 4114 1434 4162 ele·
1511 4110 1566 4162 δὲ
1603 4110 1726 4204 [5¹4²
1758 4112 1948 4178 χρηστὰ
1982 4111 2062 4162 καὶ
2094 4111 2248 4174 ἀγαθὰ
2283 4107 2571 4174 ὑπαγορεύει·

374 4198 559 4254 gauter
582 4189 776 4242 iudicet
796 4188 1117 4241 Artemidor.
1138 4190 1230 4239 lib
1251 4204 1292 4240 1.
1316 4203 1433 4254 cap.
1511 4189 1709 4240 τοιαῦτα
1746 4187 1841 4256 γὰρ
1868 4188 1917 4239 αἱ
1956 4186 2192 4239 ὑποθέσεις
2229 4189 2326 4238 τῶν
2364 4188 2573 4248 κωμικῶν

374 4272 455 4319 58.
514 4265 581 4318 'rb
616 4253 668 4317 δὲ
705 4268 930 4331 κωμῳδῶν
963 4262 1164 4331 ἀκούειν,
1188 4263 1220 4325 ἡ
1258 4264 1437 4326 κωμικὰ
1512 4262 1772 4330 δραμάτων.
1835 4258 2548 4327 vid.schol.Aristoph.1d.
