3050 4942
567 353 838 414 JoAch
882 346 1381 408 cAMERARan
1429 354 1526 402 DE
1574 354 1874 404 comens
1922 351 2308 407 vsnsmns.
2398 345 2525 410 167

884 613 1369 682 JOACHIMI
1415 614 1969 682 CAMERARII

697 802 807 866 DE
875 803 1680 874 COMICIS'VERSIBUS
1748 804 2160 865 DIATRIBA.

332 981 435 1041 De
465 980 688 1045 Plauto
715 984 1072 1047 Fabularum
1098 986 1342 1047 istarum
1368 996 1611 1047 auctore
1635 1005 1828 1065 pauca
1855 984 2071 1060 dicam,
2121 986 2180 1045 in
2233 986 2430 1067 primis
2457 996 2527 1048 ut

330 1088 574 1142 constet
596 1100 717 1161 quo
743 1092 1006 1163 tempore
1048 1082 1274 1146 vixerit.
1360 1082 1540 1144 Hunc
1582 1081 1837 1144 incidere
1886 1083 1947 1142 in
1990 1091 2226 1144 aetatem
2255 1083 2522 1155 Catonis,

323 1195 453 1252 equo
501 1186 565 1238 et
606 1175 737 1258 ipso
778 1198 1026 1240 censore
1061 1190 1354 1241 mortuum
1381 1198 1538 1252 esse,
1583 1179 1816 1259 scripsit
1842 1178 2073 1252 Cicero,
2120 1189 2256 1244 ante
2286 1199 2350 1240 se
2379 1180 2525 1244 Cos·

337 1273 476 1332 160.
527 1273 723 1347 annis,
769 1274 884 1336 hoc
925 1285 1039 1350 est,
1089 1278 1165 1336 ab
1213 1276 1287 1337 U.
1319 1276 1391 1337 C.
1437 1276 1667 1338 circiter
1716 1275 1795 1339 D.
1824 1275 1894 1337 P.
1926 1275 2200 1350 Claudio,
2229 1276 2296 1336 L.
2324 1275 2525 1338 Portio

333 1368 511 1429 Coss.
542 1370 730 1450 Cujus
759 1372 974 1447 aetatis,
1002 1372 1062 1433 in
1091 1392 1270 1452 quam
1300 1372 1544 1433 Naevius
1571 1392 1808 1453 quoque
1836 1372 2175 1446 includitur,
2206 1372 2524 1455 participes

328 1465 495 1526 fuere
523 1467 681 1529 ultra
705 1469 968 1550 citraque
996 1470 1247 1544 Ennius,
1274 1470 1575 1545 Caecilius,
1604 1470 1921 1543 Pacuvius,
1947 1470 2274 1532 Terentius.
2332 1469 2524 1530 Pacu·

329 1562 489 1623 vium
516 1563 757 1644 quidem
786 1586 857 1628 ac
882 1567 1189 1629 Caecilium
1236 1567 1390 1629 male
1437 1568 1695 1640 locutos,
1744 1568 1952 1631 Cicero
1996 1568 2098 1628 ait.
2180 1566 2436 1626 Ennium
2463 1576 2526 1626 et

332 1658 609 1723 Naevium
638 1666 867 1743 probat.
949 1664 1070 1726 Sed
1098 1674 1302 1727 nostro
1331 1665 1531 1727 studio
1561 1665 1798 1727 relictus
1826 1674 1919 1726 est
1944 1664 2192 1724 Plautus
2220 1675 2283 1724 et
2306 1663 2524 1724 Teren·

329 1756 449 1818 tius
477 1768 733 1822 tantum.
816 1763 912 1822 De
959 1762 1052 1823 bis
1098 1762 1277 1842 igitur
1318 1761 1581 1843 petenda
1623 1762 1809 1823 forma
1846 1758 2438 1832 Latinoe‘locutionis,
2464 1770 2527 1822 et

334 1856 722 1919 sternendum
747 1861 920 1938 quasi
962 1859 1174 1934 solum,
1217 1879 1392 1941 super
1418 1877 1539 1938 quo
1568 1859 1753 1920 oratio
1778 1860 1938 1920 bona
1962 1867 2024 1918 et
2051 1853 2291 1927 diserta,
2332 1856 2523 1918 verbis

334 1961 395 2012 et
432 1955 744 2016 sententiis
781 1966 919 2038 apte
958 1967 1299 2020 constructa
1346 1956 1691 2018 collocetur.
1775 1957 1913 2017 Non
1955 1955 2131 2023 enim,
2153 1952 2523 2033 compositio,

331 2068 528 2129 neque
554 2051 738 2112 veluti
755 2052 1081 2142 -aedificatio
1110 2054 1305 2133 qualis
1334 2073 1465 2115 esse
1503 2052 1722 2114 debeat
1768 2053 1946 2123 illius,
1990 2052 2128 2114 hinc
2156 2051 2437 2131 cognosci
2463 2060 2529 2112 et

335 2143 482 2205 disci
509 2158 730 2227 potest.
811 2150 1004 2211 Etiam
1033 2151 1340 2211 munditiae
1367 2161 1428 2211 et
1454 2150 1650 2223 nitori,
1687 2159 1768 2223 et,
1797 2159 1864 2211 ut
1888 2150 1975 2209 ita
1999 2148 2215 2220 dicam,
2241 2149 2524 2210 innocen-

332 2242 431 2303 tim
460 2262 534 2310 ac
561 2243 885 2324 integritati
912 2248 1195 2308 sermonis
1224 2247 1545 2327 antiquitas
1573 2247 1777 2320 officit,
1821 2266 1957 2308 cum
1983 2247 2121 2326 quia
2147 2246 2409 2307 omnium
2435 2264 2527 2304 re-

333 2359 460 2401 rum
486 2350 584 2401 est
611 2360 723 2403 sua
745 2341 1072 2406 elaboratio
1111 2353 1175 2405 et
1219 2344 1550 2426 pei-politio,
1598 2364 1733 2424 quse
1781 2343 2066 2424 perfectio
2113 2341 2525 2413 existimanda,

334 2446 460 2497 tum
499 2437 669 2518 quod
715 2438 976 2500 studium
1025 2440 1340 2522 elegantiae
1380 2452 1448 2503 ut
1490 2442 1552 2501 in
1579 2442 1721 2514 vita,
1749 2441 1837 2502 sic
1867 2459 2133 2501 sermone
2161 2459 2397 2520 quoque
2425 2438 2527 2500 illa

334 2552 454 2595 non
481 2536 813 2616 usurpavit.
892 2537 1268 2619 Quapropter
1292 2539 1648 2619 posteriores
1691 2537 1753 2598 in
1801 2557 2067 2601 sermone
2093 2536 2351 2617 priorum
2379 2556 2527 2598 non-

335 2631 501 2691 nulla
525 2643 832 2696 mutarunt
856 2634 1257 2708 emendantes,
1301 2636 1548 2697 formam
1577 2646 1735 2696 certe
1771 2633 2205 2715 componendo,
2247 2644 2310 2693 et
2355 2634 2530 2711 quasi

338 2732 815 2811 coagmentando
858 2742 1035 2814 atque
1079 2731 1559 2796 reconcinnando
1603 2729 1986 2792 reddiderunt
2027 2739 2090 2790 et
2135 2728 2529 2808 pulchriorem

340 2839 400 2887 et
424 2827 748 2892 meliorem.
832 2831 982 2892 Haec
1018 2830 1145 2911 jam
1188 2829 1292 2891 illa
1318 2839 1412 2890 est
1438 2838 1601 2892 certa
1628 2837 1690 2888 et
1715 2836 2021 2900 constans,
2065 2836 2244 2904 atque
2268 2825 2529 2886 omnium

340 2923 688 2986 eruditionis
732 2940 911 3005 atque
956 2930 1242 2989 bonarum
1288 2929 1499 2988 artium
1526 2925 1878 3006 cupidorum
1905 2922 2215 2984 imitationi
2241 2921 2371 2983 sola
2394 2938 2531 3001 pro·

341 3022 556 3100 posita,
586 3023 915 3099 Ciceronis,
942 3035 1005 3085 et
1030 3044 1230 3085 eorum
1259 3024 1361 3103 qui
1389 3033 1565 3084 setate
1592 3022 1698 3082 illa
1723 3021 2027 3081 vixerunt:
2071 3017 2178 3079 sed
2208 3016 2530 3088 Ciceronis,

338 3129 407 3178 ut
447 3119 732 3199 principis
779 3129 841 3180 et
882 3120 1136 3181 auctoris
1182 3120 1409 3181 Latinae
1437 3119 1681 3199 linguae,
1732 3115 1807 3177 de
1836 3136 1956 3197 quo
1985 3114 2121 3176 alibi
2146 3113 2530 3175 disseruimus

340 3216 664 3295 copiosius,
704 3236 841 3278 cum
868 3228 1075 3279 contra
1117 3218 1567 3298 reprehensores
1615 3214 1789 3296 hujus
1839 3213 2022 3274 studii
2073 3211 2530 3292 disputaremus·

342 3311 494 3372 Haec
523 3323 722 3373 autem
748 3314 849 3393 qui
875 3314 1257 3396 perspexerit,
1297 3314 1359 3373 in
1387 3312 1680 3374 Plautinis
1708 3321 1770 3372 et
1795 3309 2160 3372 Terentianis
2190 3308 2421 3387 scriptis
2447 3307 2533 3366 ita

338 3409 691 3484 versabitur,
717 3421 787 3471 nt
811 3412 985 3492 quasi
1010 3412 1316 3473 materiam
1344 3411 1627 3472 orationis
1653 3411 1849 3482 bonae,
1897 3416 1978 3479 et,
2028 3406 2078 3468 si
2119 3406 2211 3465 fas
2239 3404 2409 3464 nobis
2439 3413 2533 3463 est

342 3504 561 3580 dicere,
604 3509 955 3587 eloquentiae
999 3510 1225 3571 Latinae
1268 3510 1344 3570 ab
1385 3508 1501 3569 illis
1551 3517 1766 3579 sumat,
1807 3522 1999 3585 neque
2047 3503 2107 3563 iri
2159 3500 2393 3562 delectu
2440 3499 2528 3560 vel

340 3605 653 3666 verborum
680 3606 776 3666 vel
796 3607 1116 3686 figurarum
1145 3606 1429 3668 sermonis
1455 3603 1930 3666 hallucinabitur.
1998 3599 2116 3660 Sed
2144 3598 2220 3659 de
2245 3596 2360 3656 hoc
2376 3596 2532 3674 jam-

343 3695 566 3759 dudum
598 3700 765 3760 satis.
848 3702 944 3764 De
971 3703 1197 3764 comico
1226 3712 1423 3762 autem
1449 3700 1708 3761 carmine
1735 3698 1847 3760 etsi
1895 3698 1993 3756 alii
2039 3695 2346 3772 scripsere,
2396 3709 2531 3767 quoe

344 3802 406 3851 et
428 3793 788 3873 magnifacio
816 3807 879 3856 et
902 3799 1108 3876 probo,
1148 3808 1345 3858 tamen
1392 3806 1598 3856 nostro
1630 3812 1874 3874 quoque
1902 3790 2101 3851 studio
2126 3786 2396 3848 existimo
2424 3784 2534 3844 ad·-

341 3887 462 3949 huc
489 3890 609 3951 loci
634 3891 859 3972 aliquid
883 3895 1164 3954 =relictum
1189 3914 1343 3956 esse,
1425 3893 1580 3953 Cum
1606 3910 1700 3951 res
1725 3890 1829 3950 illa
1854 3887 2091 3969 quidem
2117 3881 2405 3966 ejusmodi
2435 3883 2532 3954 sit,

345 3995 414 4046 ut
438 3987 673 4065 penitus
691 3991 1131 4071 comprehendi,
1159 4003 1221 4052 et
1239 3992 1500 4053 omnium
1521 3990 1699 4051 etiam
1719 3984 2030 4066 diligentia
2047 3981 2218 4063 quasi
2239 3979 2532 4042 enucleari

347 4081 439 4142 his
465 4086 826 4166 temporibus
870 4108 1246 4169 nequaquam
1287 4107 1464 4168 posse
1508 4085 1795 4145 videatur.
1874 4083 2011 4151 Quo
2039 4088 2233 4141 autem
2261 4086 2357 4138 est
2380 4074 2535 4135 diffi-

352 4178 510 4242 cilior
535 4181 723 4260 labor,
764 4204 837 4249 eo
864 4185 1228 4248 assiduitatis
1255 4186 1591 4267 plusculum
1619 4184 1680 4243 in
1707 4178 2060 4261 vestigando
2088 4175 2350 4239 adhiberi
2392 4193 2533 4234 con-
