3050 4942
553 390 683 458 106
950 406 1269 457 JOANNIS
1316 391 1783 457 ‘innoventur
1835 406 2252 464 nnnmvscr

636 549 754 618 Qui
783 549 857 610 de
873 550 1176 612 neminum
1204 547 1573 629 propriorum
1592 558 1790 629 etymo
1812 560 1873 609 et
1898 551 2376 632 interpretatione
2399 553 2570 634 plura
2593 558 2737 618 scire

553 647 731 720 volet,
757 647 894 710 hnic
921 645 1230 707 adeundus
1248 656 1351 707 est
1378 646 1657 727 Graetyius
1684 646 1976 709 Platonis.

636 745 917 806 Erasmus
963 744 1024 803 in
1053 745 1491 806 Commentario
1522 745 1599 806 de
1645 746 1866 806 Rerum
1908 747 2133 826 Copia:
2174 747 2403 807 Comici
2447 748 2742 827 praecipue

553 842 892 903 varietatem
920 840 978 900 in
1008 841 1272 921 ejusdem
1297 861 1539 922 quoque
1557 843 1798 922 generis
1825 842 2094 923 personis
2117 842 2425 904 affectasse
2450 842 2739 906 videntur.

555 935 717 1006 Quid
744 940 902 999 euim
930 938 1296 1013 dissimilius,
1338 933 1537 1020 qnam
1565 941 1790 1001 Demea
1819 960 1890 1001 sc
1938 939 2112 1000 Mitio
2157 939 2314 1019 apud
2359 939 2743 1000 Terentium?
2825 923 2831 938 ⁴

553 1034 818 1103 Quorum
847 1035 943 1096 hic
971 1054 1106 1096 cum
1135 1037 1312 1096 etiam
1358 1038 1700 1116 gravissme
1740 1037 1927 1099 filium
1972 1036 2266 1118 objurgat,
2313 1035 2570 1097 blandus
2614 1049 2741 1099 est:

553 1131 674 1204 ille,
696 1152 832 1192 cum
860 1132 1111 1192 maxime
1135 1133 1459 1207 blanditur,
1481 1133 1919 1195 amarulentus:
1951 1144 2010 1194 et
2035 1145 2233 1195 tamen
2262 1144 2508 1214 uterque
2536 1153 2744 1207 senex,

554 1239 733 1307 atque
762 1228 915 1289 adeo
942 1229 1169 1290 fratreS.
1255 1230 1414 1300 Quid
1450 1231 1759 1305 diversius,
1788 1250 1965 1312 quam
1995 1232 2277 1293 Chremes
2305 1249 2536 1313 semper
2563 1231 2744 1312 placi-

553 1324 669 1385 dus
698 1344 770 1385 ac
796 1325 1007 1399 civilis,
1033 1336 1095 1387 et
1121 1327 1285 1387 Simo
1313 1328 1630 1389 vehemens
1658 1348 1728 1388 ac
1748 1328 2160 1409 suspiciosus?
2184 1329 2338 1390 Item
2356 1345 2540 1409 quam
2569 1328 2743 1388 Pam-

552 1422 750 1503 philus
800 1423 1098 1497 cordatus,
1146 1434 1207 1484 et
1253 1424 1544 1487 Charinus
1591 1426 1764 1506 inops
1793 1426 1970 1487 animi
1997 1425 2392 1507 consiliique?
2432 1425 2596 1495 Quid
2623 1434 2746 1488 tam

553 1519 861 1596 dissimile,
905 1541 1083 1600 quam
1124 1523 1564 1583 Phaedriacnm
1607 1524 1812 1585 morbo
1854 1543 2155 1604 pugnans,
2196 1533 2264 1585 et
2301 1522 2555 1583 Cbaerea
2601 1519 2748 1581 nihil

553 1608 779 1678 babens
806 1618 1022 1698 pensi?
1052 1619 1307 1684 Multum
1336 1620 1472 1682 item
1497 1620 1745 1682 interest
1762 1620 1922 1692 ‚inter
1950 1620 2188 1682 Danum.
2208 1619 2745 1700 pertinacissimum

556 1714 834 1793 sperandi
862 1725 1179 1790 auctorem,
1224 1727 1284 1778 et
1326 1717 1634 1798 Byr-thiam
1671 1715 1814 1777 nihil
1856 1725 2068 1797 proeter
2096 1717 2573 1796 desperationem
2601 1715 2746 1775 affe—

549 1821 798 1873 rentem.
880 1812 1202 1875 Plurimum
1227 1814 1381 1874 inter
1403 1814 1730 1895 parasitum
1758 1813 2160 1887 Gnathonem,
2194 1823 2259 1873 et
2285 1812 2705 1873 Phormionem
2729 1832 2746 1871 t

539 1918 615 1969 -et
641 1911 715 1970 ab
742 1922 992 1990 utroque
1019 1911 1197 1992 longe
1222 1911 1516 1988 dissident
1540 1910 1785 1992 parasiti
1826 1911 2107 1984 Plautini,
2153 1910 2657 1991 quemadmodum
2684 1921 2747 1970 et

556 2005 732 2084 hujus
761 2009 1094 2069 meretrices
1143 2029 1180 2069 a
1219 2009 1591 2070 Terentianis
1635 2008 1952 2089 plurimum
1999 2007 2358 2088 discrepant.
2440 2005 2750 2068 Terentius

556 2104 890 2165 meretrices
917 2106 1342 2185 propemodmn
1369 2109 1558 2167 bonas
1582 2106 1777 2186 fingit,
1798 2105 1983 2166 veluti
2008 2104 2273 2164 Philotin
2302 2113 2363 2163 et
2397 2101 2747 2164 Bacchidem

556 2198 617 2258 in
648 2199 918 2280 Hecyra:
950 2201 1197 2268 Plautus
1229 2223 1401 2264 senes
1430 2216 1719 2276 amantes,
1746 2221 1820 2263 ac
1844 2202 2113 2274 festivos,
2136 2212 2199 2261 et
2216 2201 2498 2262 uxoribus
2522 2210 2751 2260 vetera-

558 2297 704 2357 torie
746 2297 1114 2380 imponentes
1140 2321 1155 2361 :
1197 2320 1538 2381 quanquam
1568 2302 1714 2362 alias
1746 2300 2090 2364 Euclionem
2116 2298 2456 2380 prodigiose
2478 2308 2750 2358 tenacem

555 2412 630 2454 ac
657 2395 1049 2475 suspiciosum
1077 2395 1238 2459 facit.
1325 2399 1635 2460 Hactenus
1664 2399 1966 2459 Erasmus.

549 2539 554 2549 .
638 2493 874 2556 Andros
902 2494 1098 2555 insula
1121 2505 1237 2569 est,
1264 2515 1386 2556 una
1406 2515 1481 2556 ex
1499 2493 1889 2576 Cycladibus,
1911 2496 1971 2554 in
1995 2494 2151 2554 Mari
2169 2494 2400 2573 Egerio,
2422 2493 2498 2552 ab
2520 2491 2748 2563 Andro,

559 2589 697 2648 Anii
723 2585 865 2666 filio,
895 2593 1083 2672 quiin
1109 2611 1185 2654 ea
1209 2594 1498 2673 regnavit,
1528 2611 1745 2654 nomen
1770 2592 1997 2653 sortita.
2067 2590 2250 2651 Petro
2281 2590 2551 2669 AEgoeum
2581 2589 2750 2656 Mare

555 2686 736 2750 hodie
764 2690 959 2749 nautis
990 2691 1169 2771 vulgo
1198 2690 1412 2752 dicitur
1439 2689 1748 2769 maipa,
1778 2687 2080 2748 nonnullis
2109 2686 2536 2766 Archipelago.
2630 2686 2753 2743 Ari-⁴

557 2785 698 2845 dros
728 2803 889 2846 nunc
917 2786 1129 2847 iisdem
1151 2793 1398 2848 vocatur
1417 2785 1645 2859 Andro,
1676 2784 1970 2865 plerisque
1991 2782 2235 2842 Andria.
2318 2782 2481 2842 ¹Hine
2506 2780 2754 2861 adjecti-

556 2900 697 2943 vum
735 2884 1019 2957 Andrias,
1053 2884 1228 2945 >unde
1256 2895 1318 2946 et
1339 2885 1476 2944 huic
1507 2883 1753 2944 Fabulae
1776 2901 2012 2942 nomen.
2095 2881 2336 2952 AEneas,
2384 2878 2470 2938 ait
2498 2877 2754 2937 Lactan-

557 2979 699 3052 tius,
748 2999 884 3040 cum
924 2991 1092 3061 patre
1133 2982 1409 3041 Anchise*
1442 2991 1503 3042 et
1540 2981 1665 3041 filio
1692 2979 1952 3039 Ascanio
1980 2978 2282 3060 profugus
2326 2976 2540 3035 Delum
2568 2974 2753 3034 venit.

565 3077 679 3137 Hic
708 3078 782 3138 ab
812 3078 989 3151 Anio,
1019 3077 1327 3138 sacerdote
1356 3077 1674 3157 Apollinis,
1701 3075 1976 3155 recipitur
2001 3074 2281 3155 bospitio,
2329 3071 2430 3152 qui
2454 3070 2573 3130 illis
2601 3068 2755 3129 indi-

562 3181 681 3246 cat,
709 3174 969 3254 quinque
995 3193 1063 3235 se
1087 3174 1339 3234 {iliarum
1367 3184 1668 3255 parentem
1696 3175 1903 3235 orbum
1928 3172 2212 3232 relictum.
2280 3168 2549 3229 Andrum
2575 3167 2756 3239 enim,

562 3289 601 3330 a
626 3291 745 3349 quo
773 3270 1011 3332 Andros
1037 3272 1254 3345 insula,
1283 3273 1590 3353 reliquisse
1614 3272 1884 3353 patriam,
1907 3275 2020 3332 ὅτε.
2077 3267 2327 3331 Ovidius
2353 3266 2501 3328 libro
2524 3262 2756 3325 decimo

564 3370 733 3430 tertio
763 3370 1153 3450 Metamorph.
1183 3371 1259 3432 de
1288 3372 1477 3431 AEnea
1501 3369 1789 3451 loquens:

725 3499 905 3559 Hunc
933 3499 1141 3572 Anius,
1170 3520 1286 3579 quo
1318 3521 1453 3580 rege
1480 3500 1767 3572 homineS,
1796 3496 2059 3557 antistite
2086 3492 2348 3552 Phoebus

728 3595 863 3658 Rite
889 3597 1213 3670 colebatur,
1242 3596 1583 3677 temploque
1610 3595 1903 3673 domoque
1930 3590 2168 3671 recepit.

566 3743 775 3825 Virga.
803 3762 1042 3825 quoque
1068 3743 1219 3805 libro
1246 3743 1419 3805 tertio
1445 3741 1680 3804 AEneid.
1708 3741 1786 3802 de
1812 3739 2009 3800 insula
2036 3735 2192 3798 Delo
2219 3734 2397 3796 verba
2424 3733 2652 3794 faciens
2679 3748 2695 3789 t

1085 3889 1106 3904 a
1145 3857 1384 3939 Egressi
1411 3873 1755 3917 veneramur
1782 3850 2076 3932 Apollinis
2102 3848 2329 3907 urbem.

730 3953 863 4014 Rex
889 3954 1100 4030 Anius,
1139 3974 1242 4016 rex
1268 3955 1425 4016 idem
1453 3951 1777 4023 hominum,
1803 3947 2126 4025 Phoebiqw
2156 3939 2457 4012 sacerdos,

729 4050 909 4111 Vittis
937 4060 999 4111 et
1024 4070 1193 4112 sacra
1219 4051 1518 4112 redimitus
1547 4056 1816 4128 tempora
1840 4044 2006 4103 lauro

729 4147 1037 4207 Occurrit:
1081 4158 1336 4208 veterem
1363 4144 1665 4205 Anchisen
1699 4139 1971 4222 agnoseit
1997 4136 2268 4198 amicum.

727 4245 764 4303 J
771 4244 1044 4325 ungimus
1068 4243 1325 4324 hospitio
1354 4242 1614 4315 dextras,
1646 4248 1710 4301 'et
1735 4246 1896 4299 tecta
1921 4233 2200 4298 subimus.
