3050 4942
552 369 681 438 192
1079 379 1148 428 τ.
1200 373 1421 426 unm
1471 361 1992 421 onssnvmmn
2005 364 2217 442 0151.AE

555 525 833 590 credibile
859 524 983 594 fiat,
1012 520 1363 592 Molossum,
1390 515 1492 596 qui
1519 522 1690 574 tanto
1716 510 1947 590 longior
1974 517 2035 569 et
2072 503 2452 587 ponderosior
2496 501 2573 562 sit
2599 496 2735 560 aliis

556 623 825 704 pedibus,
869 620 967 679 hic
1010 638 1047 678 a
1070 615 1343 676 Terentio
1391 621 1736 690 usurpatum
1789 609 1818 666 f
1819 608 1992 667 uisse.
2102 597 2253 663 Dein
2301 609 2505 681 posset
2531 633 2536 638 ·
2558 596 2739 662 etiarn

559 718 691 783 esse
723 718 1014 789 Creticus,
1045 735 1118 774 ex
1139 734 1211 774 ea
1242 709 1649 773 observatione
1692 726 1827 785 quae
1873 702 2138 782 superius
2181 698 2376 780 posita
2420 703 2532 766 est,
2580 693 2742 751 circa.

559 835 903 897 pronomen,
930 814 1063 885 iste,
1092 821 1153 871 et
1176 810 1313 878 ille;
1357 806 1517 886 quod
1546 815 1742 864 tamen
1769 801 1867 860 hic
1893 817 2095 858 verum
2124 814 2257 856 esse
2287 811 2405 852 non
2429 801 2596 872 puto.

641 909 951 983 Bacchius,
981 928 1086 967 seu
1114 905 1442 975 BaccheuS,
1490 899 1553 959 id
1589 909 1699 970 est,
1749 896 1965 968 brevis,
2010 895 2211 973 longa,
2260 891 2459 969 longa,
2502 883 2746 947 videtur

561 1008 774 1069 alicubi
803 1005 1058 1087 reperiri,
1086 1001 1248 1083 quod
1276 1011 1473 1061 tamen
1503 996 1695 1056 minus
1719 1014 1914 1054 verum
1942 1001 2054 1052 est.
2656 1008 2663 1013 ·

720 1103 905 1163 Andr.
934 1110 1052 1162 act.
1081 1120 1191 1161 ιη.
1221 1119 1306 1159 sc.
1338 1101 1393 1158 l.
1420 1100 1480 1155 4.
1532 1102 1548 1128 ‘
1572 1092 1692 1153 Sed
1733 1091 1831 1151 hic
1874 1086 2285 1167 Pam-philus:
2337 1079 2496 1162 ‘quid
2550 1076 2745 1138 dicit?

920 1196 1172 1257 firmavit
1195 1194 1412 1253 fidem!

563 1295 701 1356 Non
728 1293 842 1365 est,
868 1294 1142 1375 inquam:
1183 1309 1320 1350 nam
1334 1306 1578 1348 versum
1606 1286 1692 1345 ita
1719 1283 1991 1351 scribere,
2019 1280 2105 1338 ita
2129 1276 2317 1339 metiri
2343 1274 2617 1335 debemus
2641 1292 2660 1330 ε

722 1389 843 1450 Sed
868 1389 965 1450 hic
992 1387 1302 1467 Pampilu’,
1328 1384 1468 1465 quid
1498 1379 1710 1444 ‹ii-cit?
1752 1377 2003 1438 firmavit
2024 1375 2221 1435 fidem.

567 1485 794 1547 Extrito
823 1486 864 1545 S
892 1485 1088 1545 finali:
1131 1503 1252 1563 qua
1272 1482 1348 1542 de
1376 1501 1436 1541 re
1461 1499 1598 1539 mox
1622 1499 1638 1538 ε

728 1583 862 1644 Act.
883 1602 994 1642 111.
1025 1601 1111 1643 sc.
1137 1584 1191 1641 3.
1213 1584 1308 1641 32.
1352 1586 1370 1614 ‘
1395 1579 1607 1657 Neque
1628 1574 1792 1635 illum
1810 1573 1966 1633 hanc
1988 1578 2272 1651 perpetuo
2293 1566 2532 1636 habere,
2551 1580 2752 1640 neque

881 1700 977 1739 me
1002 1676 1269 1758 perpeti.’
2392 1686 2400 1691 ·

568 1774 706 1834 Non
734 1784 827 1835 est
853 1774 1196 1841 Baccheus;
1241 1782 1334 1833 est
1361 1771 1737 1852 anapoestus;
1780 1785 1917 1825 nam
1944 1763 2199 1845 primiti,
2218 1761 2403 1835 illum,
2425 1754 2758 1840 communis

571 1882 667 1932 est
692 1871 852 1952 apud
880 1873 1147 1932 Veteres·

728 1968 879 2028 Ibid.
912 1973 1010 2029 34.
1055 1974 1073 2003 ‘
1096 1952 1183 2027 At'
1203 1968 1356 2028 istuc
1383 1965 1669 2045 periclum
1696 1962 1757 2020 in
1784 1961 1903 2019 filia
1929 1956 2074 2029 fieri,
2103 1973 2278 2033 grave
2306 1951 2435 2012 est!
2459 1957 2468 1966 ’

570 2066 781 2143 Neque
807 2064 905 2125 hic
934 2064 1241 2125 Baccheus
1269 2073 1381 2135 est,
1409 2082 1545 2123 cum
1572 2061 1823 2140 priorem
1849 2057 1931 2129 in,
1958 2056 2131 2125 istuc,
2160 2050 2313 2121 istic,
2357 2056 2419 2108 et
2444 2045 2572 2105 aliis
2600 2044 2761 2103 bene

569 2160 770 2220 multis
815 2159 878 2219 id
898 2179 1107 2239 genus
1141 2159 1472 2219 nominibus
1499 2156 1679 2215 modo
1706 2154 1945 2232 longam
1975 2151 2237 2209 facerent
2261 2142 2526 2222 Antiqui,
2576 2140 2761 2199 modo

569 2257 843 2315 brevem:
887 2276 1023 2315 nam
1050 2255 1136 2330 th,
1162 2266 1230 2315 ut
1258 2261 1293 2316 θ
1320 2253 1481 2335 apud
1509 2253 1778 2323 Graecos,
1825 2258 1919 2309 est
1968 2245 2112 2305 levis
2163 2241 2366 2302 sibilus
2395 2247 2642 2308 tantum,
2698 2233 2764 2293 id

571 2363 686 2424 est,
725 2372 898 2440 paene
927 2352 1093 2412 nihil.
1177 2351 1352 2412 Adde
1378 2350 1563 2430 quod,
1600 2345 1903 2429 periclum,
1940 2339 2277 2403 necessario
2306 2338 2545 2414 longum
2574 2342 2670 2392 est
2697 2332 2761 2390 in

574 2446 858 2521 secunda,
899 2468 1038 2508 nam
1064 2447 1212 2507 illud
1240 2449 1268 2507 Ι
1295 2457 1432 2508 ante
1459 2447 1651 2526 ipsam
1680 2440 2140 2503 decurtationem
2169 2435 2410 2512 longum
2436 2437 2583 2490 erat.

652 2546 696 2603 S
722 2545 874 2625 perit
901 2553 1037 2605 ante
1066 2552 1510 2604 consonantem.
1596 2538 1899 2600 Lucretius
1924 2556 1940 2595 ε
1986 2532 2211 2592 Ennius
2238 2550 2254 2589 ε
2297 2528 2546 2589 Plautus
2570 2545 2587 2584 :
2616 2524 2764 2584 Tra·

574 2640 690 2721 gici
717 2649 964 2701 veteres.
1048 2640 1160 2714 Ita,
1193 2638 1379 2709 heru',
1409 2636 1606 2717 magi',
1634 2634 1827 2707 tristi',
1855 2630 2056 2703 omni'‚
2084 2632 2200 2687 διο.

652 2736 695 2794 S
722 2736 875 2815 perit
916 2744 1053 2795 ante
1081 2734 1385 2796 vocalem:
1449 2732 1782 2811 exemplum
1837 2727 2069 2807 insigne
2119 2738 2232 2796 est,
2280 2719 2466 2781 Andr.
2496 2727 2616 2779 act.
2651 2734 2764 2775 111.

814 2852 899 2891 sc.
935 2833 988 2893 1.
1024 2834 1087 2891 8.
2113 2886 2120 2894 ,

734 2935 750 2961 ‘
774 2928 1004 2987 Bonum
1032 2927 1334 3006 ingenium
1360 2943 1567 2985 narras
1595 2920 2021 2984 adole-scentis
2045 2939 2061 2978 t
2104 2912 2430 2997 optimum.'

576 3022 690 3081 Ubi
741 3023 1075 3082 necessario
1123 3021 1623 3100 pronuntiandum
1673 3029 1785 3093 est,
1827 3016 2015 3079 scent'
2063 3015 2345 3094 optimum
2371 3031 2387 3071 ε
2429 3006 2582 3089 perit
2609 3006 2765 3067 enim

576 3117 617 3174 S
643 3135 660 3175 ι
702 3127 763 3178 et
788 3118 854 3177 fit
885 3116 1263 3198 synaloepha:
1306 3126 1397 3176 est
1421 3127 1618 3175 autem
1647 3115 1905 3175 trimeter
1934 3112 2240 3172 iambicus.

735 3214 872 3273 Act.
901 3234 995 3272 1v.
1026 3233 1111 3273 sc.
1143 3216 1202 3273 5.
1235 3215 1292 3271 7.
1335 3217 1352 3246 ‘
1376 3213 1528 3272 Itan’
1574 3209 1867 3291 Chrysis?
1907 3208 2079 3267 hem!
2121 3224 2231 3264 nos
2259 3201 2499 3283 quidem
2525 3197 2630 3278 pol
2660 3197 2768 3256 mi-

887 3327 1047 3369 seras
1075 3307 1383 3387 perdiditx‘
2293 3353 2298 3357 .

577 3403 711 3478 Ubi,
738 3424 872 3465 cum
903 3406 944 3463 S
973 3415 1175 3483 pereat
1203 3404 1285 3476 in,
1314 3403 1584 3483 Chrysis,
1612 3400 2042 3484 pronuntiabis,
2073 3396 2310 3477 was’,
2338 3396 2493 3454 hem.

737 3498 886 3559 Ibid.
923 3502 1016 3560 14.
1060 3506 1076 3533 ‘
1104 3499 1347 3578 Semper
1374 3503 1530 3559 enim
1553 3498 1714 3559 dicta
1741 3507 1836 3557 est
1870 3496 1998 3577 ejus
2039 3497 2191 3568 hoec,
2237 3504 2413 3571 atque
2439 3488 2648 3558 habita
2676 3495 2771 3548 est

1177 3616 1341 3656 soror
1364 3595 1399 3655 ε’

575 3692 1074 3773 pronuntiandum
1101 3701 1212 3766 est,
1237 3693 1327 3772 ju'
1360 3691 1514 3764 haec,
1543 3711 1665 3752 una
1705 3690 1938 3770 syllaba
1962 3708 2067 3768 per
2096 3685 2407 3766 synizesin,
2436 3699 2543 3742 seu
2571 3678 2771 3740 consi·

502 3821 509 3828 x
576 3789 857 3848 dentiam.
940 3787 1064 3847 Sed
1090 3788 1371 3867 exemplis
1419 3807 1635 3866 parco;
1681 3796 1821 3846 sunt
1847 3786 2000 3844 enim
2031 3779 2501 3844 innumerabilia.
2584 3776 2769 3846 Hinc,

578 3885 765 3946 obiter
791 3884 1006 3956 dicam,
1037 3883 1210 3944 facile
1239 3883 1435 3943 discas
1466 3904 1603 3961 quse
1631 3881 1791 3960 apud
1820 3890 2047 3939 veteres
2077 3878 2317 3938 Latinos
2345 3868 2774 3955 pronuntiandi

577 3981 750 4040 fuerit
778 3981 948 4051 ratio,
989 3991 1052 4039 et
1094 3989 1456 4061 quantopere
1503 3979 1607 4037 illa
1656 3979 1766 4036 sub
1792 3978 1951 4037 Julio
1977 3988 2037 4036 et
2066 3974 2395 4036 Octaviano
2424 3969 2769 4030 Caesaribus

582 4077 803 4145 variare
826 4074 1084 4152 coeperit.

663 4169 1069 4241 consulenda,
1097 4189 1223 4244 seu,
1250 4179 1318 4230 ut
1339 4168 1566 4230 Graecis
1589 4167 1822 4243 dicitur,
1852 4167 2156 4249 synizesis,
2187 4165 2315 4227 aliis
2345 4161 2681 4244 synaeresis‚
2710 4160 2771 4220 in
