3050 4942
942 372 1283 422 nmwcm
1333 372 1499 422 Ao'r.
1532 374 1645 421 ιιι.
1691 373 1797 422 sc.
1845 375 1915 420 v,
2386 358 2520 424 468

325 517 515 597 Quid
542 523 671 596 est,
697 516 877 602 quod
904 516 1105 581 laetus
1131 515 1227 581 sis
1249 516 1471 600 ‘l'qnid
1501 516 1627 581 tibi
1651 517 1761 582 vis
1781 518 1811 580 ’ἰ
1837 517 2041 583 satin’
2070 536 2276 583 sanus
2295 521 2326 583 'l
2358 519 2520 604 quid

584 641 693 686 me
723 627 1042 705 aspectas
1064 621 1095 683 ‘l

323 723 511 801 Quid
538 729 724 790 taces
746 724 777 787 ‘i
839 722 1001 795 CH.
1051 722 1114 786 Ο
1144 721 1357 787 festus
1390 721 1532 785 dies
1563 721 1886 786 hominis!
1920 722 2157 800 amice,
2182 722 2389 787 salve.

326 824 549 890 Nemo
579 825 668 889 ’st
693 824 1060 904 hominum,
1103 844 1308 909 quem
1352 842 1480 907 ego
1509 843 1685 889 nunc
1715 823 1929 907 magis
1956 844 2266 907 cuperem
2294 825 2521 890 videre

586 945 790 1011 quam
820 932 914 994 te.

326 1062 404 1111 hic
435 1060 620 1111 habitin
651 1063 868 1112 denotat?
927 1061 1058 1118 Quid
1092 1066 1166 1111 est
1194 1060 1316 1124 quod
1349 1064 1534 1110 tmttam
1569 1059 1790 1109 laetitiam
1821 1059 2080 1124 exprimis?
2137 1058 2267 1115 Quid
2300 1060 2390 1109 tibi
2421 1060 2526 1109 vis?

328 1125 699 1191 saionem?
733 1127 1211 1185 Quidmeinmoeis?
1247 1125 1537 1181 Quidsiles?
1601 1126 1704 1175 Cn.
1742 1125 1949 1174 Oloetus
1970 1124 2364 1193 etsaustusmzjhi
2384 1124 2523 1174 dies!

323 1189 491 1256 endec,
511 1193 671 1241 sulvus
688 1192 772 1241 sis.
842 1193 993 1242 Nemo
1014 1197 1084 1243 est
1104 1191 1325 1254 omnium,
1365 1205 1502 1254 quem
1521 1204 1608 1251 ego
1644 1205 1767 1239 nunc
1790 1190 1945 1252 magis
1965 1204 2177 1254 cuperem
2199 1190 2358 1240 videre
2389 1205 2526 1253 quam

1241 1319 1603 1341 OOOOmONOO

327 1401 521 1452 tionem
546 1397 704 1466 aliqui
726 1402 846 1452 libri
884 1404 1076 1453 nullam
1105 1404 1332 1469 habent;
1366 1405 1521 1470 aliqui
1560 1418 1683 1454 vero
1723 1405 1822 1453 hoc
1858 1402 2031 1464 modo,
2060 1407 2146 1452 aut
2178 1404 2292 1466 quid
2321 1402 2439 1453 sibi:
2474 1403 2525 1453 in

326 1468 471 1517 nullo
493 1474 596 1530 est,
626 1468 827 1531 quidve.-
859 1470 993 1518 utin
1016 1470 1296 1533 impressis.
1332 1470 1421 1520 Fa.
1490 1471 1663 1519 Etiam
1706 1469 1867 1517 nostri
1904 1468 2144 1531 plerique
2182 1468 2529 1529 disiunctione

324 1546 383 1581 ve
422 1533 504 1581 vel
536 1537 622 1583 aut
656 1540 864 1583 carent·
900 1546 1069 1597 neque
1107 1536 1261 1584 aliter
1286 1542 1392 1584 stat
1429 1549 1628 1584 versus.
1663 1534 1810 1583 Beni.
1876 1533 1979 1582 Aut
2000 1532 2111 1596 quid
2132 1532 2226 1581 sibi
2246 1533 2369 1584 Vet.
2391 1532 2522 1585 Cod.

328 1597 478 1646 Lina.
543 1596 632 1646 Ita
653 1597 744 1645 Br.
768 1604 821 1647 et
898 1596 1023 1648 uelf.
1058 1603 1106 1648 3.
1175 1600 1261 1649 Sic
1298 1600 1438 1648 delet
1471 1600 1626 1648 Both.
1692 1599 1806 1648 Dat
1838 1596 1985 1647 Peri.
2019 1596 2133 1659 quid
2163 1601 2267 1646 est?
2296 1599 2418 1660 quod
2456 1598 2525 1647 sic

323 1663 639 1722 gestia—11
673 1661 837 1711 Laetus
858 1678 908 1712 es
929 1663 1061 1726 lege.
1103 1664 1241 1712 Bent.
1306 1664 1479 1725 Vulgo
1514 1666 1550 1713 l.
1576 1663 1661 1712 sis.
1726 1662 1832 1711 Sed
1868 1668 2100 1711 nostrum
2135 1661 2232 1725 [sc.
2254 1663 2287 1710 1.
2309 1661 2380 1723 es]
2420 1676 2530 1711 rec-

330 1727 455 1775 tius.
486 1726 607 1789 Rip.
632 1741 749 1789 quae
783 1728 799 1755 ‘
821 1726 1085 1791 aspectas’
1121 1728 1289 1777 trudit
1321 1742 1439 1777 cum
1480 1730 1565 1777 ed.
1605 1726 1798 1789 Delph.
1831 1726 1890 1775 ‘in
1928 1740 2132 1774 versum
2172 1729 2250 1775 12.
2317 1726 2405 1775 Sic
2438 1725 2531 1777 dat

330 1790 586 1842 Bothius:
623 1791 756 1845 Quid
788 1792 926 1842 letus
962 1798 1041 1842 es?
1073 1792 1186 1856 quid
1216 1794 1290 1842 vis
1323 1792 1432 1852 tibi,
1469 1793 1551 1855 ὅτ.
1618 1791 1773 1841 Sanus
1811 1806 1861 1841 es
1892 1788 2070 1841 Guelf.
2092 1794 2140 1840 2.
2168 1793 2350 1840 3.-12
2385 1790 2525 1853 Guy.

328 1853 685 1931 Eiigraphium
721 1864 951 1917 secutae,
1001 1856 1255 1920 expungit
1290 1854 1348 1905 τὸ
1384 1856 1603 1906 hominis.
1672 1856 1857 1920 Neque
1901 1853 2116 1904 ferenda
2158 1854 2365 1904 videtur
2410 1869 2530 1904 con-

329 1925 552 1971 structio
587 1919 878 1982 verborum,
904 1921 1060 1981 festus
1080 1922 1182 1971 dies
1201 1922 1419 1971 hominis.
1486 1919 1855 1983 Con'iciebam,
1889 1919 2082 1969 dixisse
2115 1917 2353 1969 fortassis
2384 1920 2532 1969 chae,

329 1998 507 2035 ream:
544 1984 591 2034 Ο
609 1982 770 2044 festus
787 1985 926 2035 dies!
957 1987 1091 2035 homo
1123 1987 1233 2037 mi!
1263 1987 1410 2037 amice
1444 1988 1573 2035 salve
1647 1985 1749 2046 vel,
1782 1986 1828 2033 Ο
1847 1984 2012 2044 festus
2046 1983 2184 2036 dies!
2215 1999 2243 2033 o
2284 1985 2352 2033 mi
2386 1984 2534 2034 amice

327 2047 495 2100 solve!
562 2048 680 2098 Nisi
701 2048 840 2101 forte
867 2066 961 2114 per
982 2051 1291 2115 hypallagen
1324 2050 1473 2114 dixit,
1487 2049 1650 2111 festus
1684 2050 1794 2101 dies
1822 2050 2041 2112 hominis,
2075 2063 2190 2112 pro,
2222 2049 2373 2099 homo
2411 2047 2535 2104 festi

329 2114 475 2180 diei..
519 2114 711 2167 Quales
749 2115 929 2167 Graeci
965 2123 1214 2166 vocantur
1247 2113 1517 2180 καλήμεροι.
1584 2115 1857 2165 Turnebus
1888 2114 2110 2165 Advers.
2146 2128 2233 2164 m.
2267 2117 2349 2164 11.
2372 2112 2535 2173 festus

328 2179 430 2229 dies
448 2178 650 2228 hominis
671 2178 866 2230 dictum
893 2186 1045 2244 putat
1065 2180 1195 2231 mira
1217 2182 1432 2244 quadam
1471 2187 1530 2231 et
1565 2195 1701 2231 nova
1736 2179 1945 2230 dicendi
1984 2179 2204 2239 ratione,
2238 2193 2334 2242 pro
2365 2176 2538 2228 fausto

329 2242 554 2307 homine,
585 2244 854 2307 auspicato
877 2253 934 2296 et
955 2252 1175 2310 optato;
1205 2245 1546 2296 translatione
1569 2245 1728 2296 ducta
1752 2260 1782 2295 a
1804 2245 1987 2295 diebus
2008 2244 2174 2295 festis.
2240 2245 2323 2293 Ex
2356 2244 2536 2306 Ampl.

332 2307 451 2358 Viri
469 2308 627 2357 Corn.
646 2324 742 2357 van
760 2309 1137 2373 Bynkershoek
1160 2310 1468 2360 doctissimis
1492 2311 1660 2360 literis
1684 2311 1946 2374 duplicem
1969 2309 2324 2372 conjecturam
2348 2307 2538 2368 didici;

331 2373 552 2435 scilicet,
590 2373 635 2420 Ο
655 2372 818 2432 festus
838 2375 940 2424 dies
955 2376 1150 2425 homini.
1217 2377 1310 2438 Et,
1344 2377 1392 2424 0
1412 2376 1574 2437 festus
1606 2378 1706 2425 dies
1736 2375 1917 2425 ominis.
1983 2377 2215 2427 Quarum
2238 2379 2455 2437 utraque
2479 2387 2535 2422 se

335 2445 392 2487 et
427 2438 636 2488 minima
679 2440 984 2502 mutatione,
1030 2447 1089 2491 et
1121 2442 1319 2504 optimo
1356 2456 1507 2491 sensu
1554 2439 1827 2504 approbat.
1882 2440 2033 2490 West.
2100 2439 2238 2491 Quid
2284 2453 2404 2488 cum
2435 2438 2537 2487 hoc

334 2516 487 2552 versu
506 2500 787 2553 faciemus?
820 2518 885 2552 ex
907 2503 1010 2553 fine
1030 2511 1259 2568 constat,
1289 2507 1668 2555 Tetrametrum
1693 2519 1807 2554 esse
1831 2504 2238 2553 Catalecticnm:
2273 2502 2363 2552 sed
2387 2502 2539 2551 initio

331 2567 592 2617 claudicat
613 2568 738 2617 illud
760 2573 903 2619 taces.
969 2570 1205 2619 Donatus
1226 2585 1239 2617 ε
1272 2570 1286 2596 ‘
1306 2570 1444 2621 Quid
1470 2584 1552 2617 me
1576 2568 1852 2632 aspectas?
1884 2568 2007 2632 quid
2033 2567 2207 2617 taces?
2273 2567 2372 2615 His
2413 2566 2537 2616 dua·

334 2631 433 2681 bus
457 2632 971 2695 interrogatiunculis
993 2632 1266 2697 descripsit
1288 2635 1485 2682 vultum
1509 2632 1739 2683 dicturi.'
1792 2632 2112 2696 Quicumque
2132 2633 2225 2678 hoc
2250 2632 2544 2690 annotavit,

334 2695 575 2810 profecto
612 2712 717 2746 non
756 2697 964 2760 legebat
1000 2701 1141 2746 taces.
1206 2698 1481 2749 Quomodo
1520 2699 1658 2745 enim
1706 2697 1838 2753 Quid
1871 2701 1996 2745 taces
2040 2694 2293 2743 describit
2337 2695 2537 2743 vultum

356 2761 593 2812 ocuturi?
658 2759 765 2812 Sed
802 2768 858 2812 et
892 2761 1029 2811 aliud
1068 2761 1151 2811 hic
1189 2762 1357 2825 majus
1397 2767 1492 2824 est,
1526 2763 1699 2811 Festus
1735 2764 1836 2810 dies
1872 2758 2114 2809 hominis!
2159 2772 2311 2823 quam
2352 2773 2537 2821 magno

336 2825 550 2875 emerim
572 2825 743 2889 hodie,
775 2832 836 2876 ut
856 2840 1058 2875 sensum
1084 2828 1306 2891 aliquem
1327 2827 1445 2876 hinc
1466 2827 1650 2891 aliquis
1669 2825 1955 2875 extundat!
2022 2825 2288 2873 Donatus:
2320 2825 2335 2851 ‘
2352 2823 2541 2890 Festus,

335 2890 450 2939 dies
469 2889 705 2950 hominis,
736 2905 852 2955 pro,
882 2891 1056 2940 Homo
1078 2889 1200 2940 festi
1221 2890 1361 2941 diei!
1427 2892 1639 2944 Quanto
1678 2891 1863 2940 melius
1901 2888 2074 2938 fuerat
2116 2888 2352 2947 tacuisse,
2384 2902 2535 2953 quam

332 2955 434 3004 hoc
478 2954 702 3004 dixisse!
771 2955 918 3005 Bene
959 2956 1120 3019 igitur
1166 2956 1506 3019 Eugrapliius,
1558 2956 1734 3008 ‘Quid
1779 2954 1895 3018 est,'
1944 2955 1993 3003 in
2033 2953 2126 3014 uit,
2173 2954 2391 3002 ‘Festus
2430 2952 2540 3000 dies

333 3019 554 3070 hominis
571 3020 605 3068 ?’
668 3018 1027 3082 Ignorantiam
1051 3021 1133 3069 liic
1156 3036 1297 3070 suam
1322 3021 1545 3070 candide
1570 3020 1862 3085 profitetur.
1924 3020 1990 3068 vi
2033 3033 2062 3067 e
2084 3032 2146 3067 an
2183 3032 2280 3079 ego
2321 3018 2540 3067 veterri-

335 3099 472 3133 mam
496 3089 550 3135 et
570 3084 889 3133 teterrimam
911 3084 1082 3134 labem
1102 3084 1324 3135 feliciter
1343 3086 1462 3135 hinc
1486 3086 1811 3137 sustulerim:
1849 3083 1978 3141 Quid
1995 3082 2154 3132 dices!
2185 3098 2213 3135 o
2225 3081 2383 3142 festus
2403 3082 2503 3131 dies
2517 3080 2543 3131 Ι

336 3164 366 3197 o
386 3147 752 3199 monicus!
784 3148 925 3198 salve.
993 3150 1162 3200 Festus
1182 3152 1284 3201 dies
1306 3156 1386 3200 est
1407 3151 1721 3201 blandientis
1745 3151 1975 3212 dictum;
2008 3159 2062 3198 et
2101 3149 2151 3196 in
2191 3148 2269 3196 his
2305 3146 2540 3196 formulis

335 3214 653 3262 nominativo
677 3213 979 3277 utebantur,
1011 3230 1159 3281 oeque
1180 3230 1242 3264 ac
1265 3216 1520 3266 vocativo.
1592 3216 1638 3264 0
1659 3232 1785 3265 meus
1807 3215 2145 3278 degeneravit
2167 3213 2219 3261 in
2241 3213 2410 3262 ominis
2432 3214 2543 3261 sive

336 3278 559 3329 hominis.
627 3279 874 3327 Ceterum
899 3280 976 3328 vir
996 3279 1232 3330 eruditus
1253 3280 1583 3330 memorabile
1607 3280 1689 3329 liic
1710 3279 1907 3329 facinus
1925 3277 2071 3338 fecit,
2096 3278 2269 3337 verba,
2291 3282 2351 3325 ut
2371 3277 2540 3326 versui

339 3344 656 3405 consuleret,
688 3342 761 3391 sic
785 3343 838 3391 in
864 3343 978 3406 ipso
1000 3351 1146 3394 textu
1173 3344 1468 3407 trajiciens:
1508 3345 1639 3400 Quid
1657 3350 1726 3395 est
1748 3346 1871 3407 quod
1891 3345 2031 3390 loetvcs
2052 3342 2155 3391 sis?
2187 3341 2300 3403 quid
2319 3340 2411 3389 tibi
2440 3340 2545 3388 vis?

338 3408 456 3471 quid
500 3422 574 3456 me
623 3412 864 3469 aspectas?
895 3409 1010 3470 quid
1042 3413 1203 3458 taces?
1266 3407 1421 3456 Sutin’
1455 3412 1628 3456 sanus?
1695 3408 1741 3455 Ο
1777 3407 1937 3466 festus
1979 3407 2080 3454 dies
2116 3403 2348 3453 hominis:
2396 3406 2546 3454 amice

339 3473 497 3523 salve:
530 3472 733 3521 nescius
756 3471 977 3533 interea,
1010 3486 1066 3520 se
1090 3471 1268 3520 ordine
1291 3472 1365 3520 sic
1384 3471 1655 3521 immutato
1677 3470 1982 3519 sententiam
2004 3476 2167 3518 totam
2189 3481 2544 3531 corrumpere.

341 3536 491 3587 Bent.
558 3537 638 3586 Ex
661 3537 799 3598 vulg.
826 3536 1054 3584 editione
1077 3536 1247 3585 nullus
1285 3535 1499 3584 idoneus
1540 3549 1717 3584 seusus
1755 3535 1980 3583 elicitur.
2048 3535 2204 3582 Bent.
2244 3531 2457 3595 conjicit
2501 3532 2547 3579 Ο

330 3600 496 3661 festus
516 3599 651 3650 dies!
686 3602 733 3649 0
755 3600 1095 3649 mensamicus.
1161 3600 1380 3649 ‘Festus
1415 3598 1556 3648 dies’
1596 3598 1910 3647 blandientis
1952 3598 2146 3647 dictum
2180 3609 2294 3645 esse
2335 3597 2545 3659 planum

343 3670 444 3714 est.
513 3665 734 3716 Gesner.
752 3664 804 3714 in
826 3665 981 3716 Thes.
1004 3665 1117 3715 Lat.
1138 3679 1185 3714 v.
1224 3665 1428 3725 Festus,
1459 3672 1513 3712 et
1546 3663 1609 3713 cl.
1645 3663 1982 3726 Oudendorp.
2022 3660 2280 3726 putabant
2321 3663 2367 3710 0
2387 3660 2549 3720 festus

343 3727 482 3780 dies!
516 3730 562 3777 Ο
598 3744 725 3778 meus
755 3728 952 3791 amicus,
987 3744 1059 3780 sc.
1094 3729 1222 3779 dies.
1292 3727 1477 3778 Poetae
1514 3728 1652 3777 diem
1693 3743 1859 3777 meum
1900 3728 2036 3777 diem
2074 3724 2296 3775 faustum
2341 3732 2546 3774 vocant.

348 3794 415 3844 R.
438 3794 508 3843 D.
575 3794 679 3842 vix
701 3791 968 3842 ferendum
987 3801 1069 3845 est
1092 3794 1255 3854 festus
1276 3795 1377 3844 dies
1398 3792 1615 3855 hominis,
1650 3793 1746 3841 nisi
1783 3791 1921 3841 forte
1962 3798 2046 3840 est
2082 3803 2197 3855 pro,
2230 3791 2382 3839 homo
2424 3787 2546 3839 festi

347 3857 469 3909 diei.
505 3858 639 3913 Perl-
703 3858 860 3908 Bent.
878 3856 1069 3922 frigide
1092 3859 1204 3922 quid
1225 3860 1380 3910 dices?
1413 3857 1673 3908 rescribit.
1731 3858 1776 3905 Ο
1798 3856 1954 3918 festus
1971 3857 2070 3905 dies
2088 3855 2314 3905 hominis:
2349 3856 2427 3905 sic
2452 3869 2546 3917 ap-

348 3923 515 3984 pellat
545 3923 798 3984 amicum,
844 3922 935 3987 qui
975 3922 1074 3989 ipsi
1107 3923 1423 3973 hilaritatem
1462 3924 1687 3988 (qualem
1722 3919 1887 3971 festus
1926 3919 2063 3985 dies)
2107 3918 2334 3969 afferat.'
2376 3920 2551 3969 Instar

342 3984 474 4036 festi
498 3986 603 4036 diei
629 3986 841 4036 advenis
862 3987 1001 4049 mihi,
1032 3987 1185 4038 hodie
1209 3990 1427 4052 primum
1456 3987 1667 4038 homini.
1735 3987 2011 4036 Hominem
2051 4000 2109 4035 se
2147 3986 2307 4036 sensit
2339 3984 2546 4034 felicem

352 4065 546 4113 amore,
582 4059 638 4102 et
659 4065 831 4101 amore
855 4051 982 4100 nihil
1013 4060 1093 4102 est
1123 4052 1409 4103 humanius.
1478 4053 1621 4102 Nihil
1657 4052 1818 4116 igitur
1861 4049 2268 4100 sensisse-nobis
2308 4049 2550 4100 videntur

353 4115 557 4182 Critici,
587 4116 672 4180 qui
692 4130 873 4184 parum
896 4123 1113 4167 venuste
1136 4116 1248 4166 haec
1269 4123 1489 4167 tentant.
1528 4117 1641 4180 Rip.
1676 4132 1789 4180 quae
1808 4119 1821 4145 ‘
1841 4114 2015 4167 salve'
2052 4117 2276 4165 collocat
2316 4130 2429 4164 cum
2465 4113 2548 4163 ed.

354 4180 549 4247 Delph.
568 4181 620 4230 in
642 4194 719 4229 vs.
742 4181 997 4247 sequenti.
1064 4181 1209 4239 Taces
1224 4183 1366 4245 quid?
1399 4182 1491 4232 dat
1528 4181 1685 4230 Both.
1728 4181 1834 4246 qui,
1867 4182 1882 4210 ‘
1904 4180 2090 4245 Neque
2125 4180 2326 4231 hominis
2358 4178 2552 4242 friget:

356 4246 453 4312 ait,
482 4248 498 4276 ‘
517 4245 608 4297 sed
630 4252 775 4297 recte
796 4244 1167 4296 additur.’—1s
1201 4236 1459 4297 Hominum
1495 4248 1561 4298 ex
1597 4247 1728 4296 Mss.
1767 4245 2075 4310 quibusdam
2113 4243 2278 4296 edidit
2300 4244 2550 4297 Faernus.
