3050 4942
868 384 970 451 ne
1007 401 1314 454 comens
1365 402 1993 454 nrmsssmnmns.
2372 390 2500 458 137

309 546 606 622 tissimum
647 563 738 617 ea,
767 544 1047 625 inquam,
1090 564 1222 608 esse
1264 545 1477 624 potuit,
1518 556 1589 606 ut
1629 544 1709 607 ad
1750 545 1908 608 hanc
1950 547 2501 628 contemplationem

310 642 569 704 studium
600 651 866 704 nostrum
896 642 1327 704 adhiberemus.
1400 642 1612 723 Neque
1639 644 1794 706 enim
1825 644 1954 705 sola
1980 664 2074 705 res
2100 645 2397 725 petenda
2374 666 2500 725 Jam

310 751 401 802 est
426 716 625 811 nobis,
675 739 816 800 sed
830 739 963 819 ipsa
998 740 1377 802 contentione
1407 741 1484 801 de
1510 740 1851 818 clarissimis
1899 740 2235 801 auctoribus
2260 743 2507 803 victoria

311 836 687 916 reportanda.
770 837 991 916 Atque,
1018 846 1084 897 ut
1110 857 1309 900 corum
1330 836 1562 917 judicia
1600 838 1715 898 hac
1743 857 1981 918 quoque
2023 838 2084 897 in
2112 849 2277 918 parte
2306 859 2507 900 emen

309 932 544 1005 demus,
575 933 749 997 simul
792 933 872 996 ad
919 932 1073 996 hanc
1100 952 1338 1015 operam
1385 933 1698 995 incitemus
1736 934 1977 1014 ingenia
2002 934 2398 999 literatorum:
2442 947 2510 998 ut

311 1049 434 1092 non
459 1032 762 1094 minimam
790 1029 1210 1114 pronuntiandi
1243 1023 1568 1096 ,rationem'
1588 1050 1662 1092 ex
1689 1031 1804 1092 hac
1847 1020 2512 1095 commentatione'con-

314 1126 484 1208 sequi
534 1148 668 1188 sese
698 1148 871 1208 posse
900 1138 1146 1209 putent:
1191 1127 1688 1208 quemadmodum
1715 1148 1850 1188 cum
1897 1129 2291 1190 intellexerint
2317 1146 2511 1211 neque

313 1223 757 1303 aspirationem,
812 1245 1005 1304 neque
1050 1224 1304 1299 sibilum,
1344 1244 1538 1304 neque
1584 1235 1808 1284 mutam
1858 1224 2010 1286 inter
2060 1246 2124 1286 se
2173 1229 2512 1307 conspirare

312 1320 607 1399 potuisse,
633 1332 702 1381 ut
726 1321 913 1401 prima
932 1322 1160 1402 syllaba
1177 1321 1237 1380 in
1265 1340 1412 1382 voce
1440 1321 1576 1395 hac,
1607 1330 1626 1357 ‘
1646 1316 2336 1401 isthic,’‘produceretur.
2381 1323 2515 1393 Qua

311 1417 372 1478 in
402 1437 554 1480 voce
582 1418 791 1482 eadem
820 1418 922 1499 qui
963 1427 1177 1499 putant
1205 1418 1440 1479 sibilum
1468 1418 1701 1480 extrudi
1747 1419 1806 1477 in
1833 1419 2293 1499 pronuntiandO,
2322 1440 2516 1501 neque

311 1532 542 1578 morem
585 1526 913 1589 servarunt,
953 1535 1147 1595 neque
1175 1514 1592 1596 etymologiam
1622 1517 2031 1580 observarunt.
2114 1519 2266 1577 Nam
2293 1518 2516 1591 AEoles,

315 1632 467 1691 quos
499 1612 693 1680 Latini
739 1613 994 1674 maxime
1034 1623 1176 1673 sunt
1222 1614 1454 1687 imitati,
1482 1614 1647 1694 quod
1695 1614 1796 1675 alii
1844 1617 2050 1676 ἐσθλὸν
2077 1615 2361 1688 dicerent,
2404 1617 2519 1695 ipsi

318 1710 495 1772 ἐσλὸν
511 1712 989 1790 ,pronuntiabant
1012 1732 1027 1771 ε
1085 1711 1171 1773 ita
1215 1712 1277 1771 in
1323 1714 1520 1786 verbo,
1589 1722 1606 1749 ‘
1626 1712 1842 1785 isthic,’
1902 1712 2086 1772 satius
2134 1710 2249 1772 fuit
2293 1722 2517 1773 mutam

320 1807 613 1887 abjicere:
665 1819 725 1876 et
767 1806 881 1870 fuit
924 1808 1109 1870 ratio:
1173 1829 1310 1870 nam
1360 1817 1377 1845 ‘
1399 1810 1485 1871 is'
1544 1828 1868 1891 pronomen
1892 1811 2214 1896 ‘integrum
2277 1821 2518 1870 manet:

317 1904 516 1970 cauda
543 1914 743 1968 autem
773 1904 897 1980 illa,
940 1926 1119 1986 quam
1147 1918 1365 1968 vocant
1392 1908 1736 1989 syllabicam
1764 1907 2178 1987 adjectionem,
2208 1908 2372 1968 nullo
2401 1907 2522 1967 dis·

321 2002 543 2081 pendio
569 2013 871 2081 expuncta
900 2003 1079 2064 etiam
1106 2004 1313 2065 leniori
1341 2005 1620 2085 relinquit
1647 2005 1842 2068 locum
1870 2006 2294 2085 conjunctioni.
2360 2005 2522 2065 Prae·

323 2110 486 2161 terea
513 2099 715 2162 multis
743 2100 805 2160 in
846 2098 995 2160 locis
1042 2099 1502 2175 animadvertas,
1549 2102 1875 2181 posituram
1916 2102 2371 2164 consonantium·
2397 2120 2518 2162 non

324 2196 655 2275 producere
668 2196 962 2258 vocalem:
993 2195 1102 2256 sed
1124 2205 1334 2276 suapte
1355 2207 1567 2260 natura
1583 2199 1689 2259 niti
1708 2200 2021 2262 brevitate:
2049 2210 2147 2261 ut:
2177 2199 2258 2273 in,
2278 2198 2405 2273 sed,
2422 2197 2524 2271 ad,

324 2292 511 2373 quod,
535 2292 721 2364 aliud,
746 2293 921 2354 simul
940 2311 957 2356 z
985 2292 1045 2352 in
1064 2293 1282 2372 quibus
1303 2293 1405 2372 qui
1422 2303 1706 2373 putarunt
1720 2310 1990 2377 oportere
2007 2305 2368 2376 postremum
2389 2294 2529 2355 elidi

325 2390 707 2461 elementum,
733 2390 1109 2452 vehementer
1134 2400 1418 2452 errarunt.
1497 2392 1623 2453 Sed
1660 2393 1839 2473 longe
1867 2394 2098 2455 facilius
2124 2394 2184 2453 in
2216 2392 2526 2473 disjunctis

326 2488 575 2554 vocibus
595 2497 927 2567 correptam
951 2486 1217 2550 vocalem
1233 2498 1495 2562 tenuere,
1514 2509 1693 2568 quam
1713 2490 1773 2552 in
1801 2491 2159 2572 conjunctis.
2198 2490 2360 2551 Atia
2382 2508 2528 2550 con-

317 2584 547 2665 junctis
585 2585 1181 2668 itapronnntiahant,
1206 2596 1274 2647 ut
1300 2588 1565 2666 positura
1591 2588 1740 2647 nihil
1768 2588 2003 2649 afferret
2027 2607 2207 2648 morse
2233 2587 2529 2648 brevitati.

331 2684 432 2746 Sic
471 2683 754 2746 ‘insidias
773 2685 789 2710 ’
813 2693 880 2746 et
903 2683 1179 2746 ‘inferos’
1209 2685 1459 2764 primam
1477 2684 1804 2764 producere
1826 2685 2142 2745 dixerunt:
2184 2690 2203 2719 ‘
2223 2684 2531 2744 indicatio·

331 2780 497 2844 Μ’
515 2788 722 2842 autem
748 2790 811 2841 et
835 2780 1174 2843 ‘incautum
1189 2783 1206 2809 ’
1225 2780 1541 2860 corripere.
1582 2780 1800 2853 Quare,
1820 2781 1870 2841 si
1886 2781 2001 2840 hoc
2030 2782 2087 2839 in
2111 2797 2228 2839 uno
2244 2789 2436 2840 tractu
2458 2798 2533 2840 ac

331 2884 535 2940 tenore
563 2876 878 2951 faeidoant,
905 2876 1094 2938 multo
1122 2875 1491 2938 commodius
1536 2875 1887 2955 interposito
1915 2894 1987 2936 eo
2014 2874 2344 2949 intervallo,
2371 2875 2534 2956 quod

334 2973 628 3053 separatis
662 2973 908 3038 vocibus
955 2974 1229 3047 debetur,
1253 2975 1490 3036 efficere
1539 2973 1833 3043 debuere;
1891 2992 2050 3047 nam,
2102 2972 2153 3033 si
2202 2971 2391 3045 dicas,
2434 2978 2453 3007 ‘
2471 2971 2535 3031 in

335 3069 620 3143 sedibus:
647 3080 826 3152 atque
852 3071 932 3134 ibi
960 3072 1301 3153 praepositio
1348 3072 1544 3134 brevis
1575 3071 1674 3145 sit,
1715 3092 1853 3151 quae
1897 3070 1958 3130 in
1996 3089 2070 3130 ea
2110 3068 2537 3149 compositione

334 3166 522 3248 longa
545 3168 797 3238 fuisset;
838 3177 1066 3250 quanto
1091 3169 1289 3250 aptius
1316 3171 1510 3232 brevis
1538 3169 1669 3244 erit,
1696 3170 1748 3230 si
1776 3170 1964 3241 dieas,
2007 3167 2108 3228 ‘in
2127 3166 2282 3230 diem
2308 3186 2324 3227 τ
2346 3168 2361 3193 ’
2400 3186 2536 3246 qum

337 3267 388 3328 si
438 3286 788 3348 compones,
853 3266 1049 3328 brevis
1099 3286 1341 3347 quoque
1408 3268 1564 3329 erit?
1630 3268 1931 3327 Praeterea
1986 3265 2539 3336 animadverteram,

336 3383 516 3443 quam
539 3362 811 3424 celeriter
836 3362 1055 3424 multas
1083 3364 1319 3426 vocales
1346 3364 1785 3446 pronuntiando
1815 3363 2242 3444 expediverint,
2271 3372 2339 3420 ut
2360 3362 2539 3421 etiam

337 3479 471 3526 eum
501 3459 889 3539 sequentibus
915 3461 1306 3523 obscurarint.
1387 3463 1487 3523 Sic
1520 3463 1675 3542 enim
1704 3462 1766 3522 in
1810 3460 1926 3521 illis
1952 3479 1967 3521 t
2019 3461 2196 3531 scias,
2222 3479 2371 3532 suae,
2395 3470 2538 3531 tuae,

339 3556 472 3629 fuit,
495 3555 653 3629 dies,
675 3555 860 3628 Deos,
882 3556 1081 3636 prius:
1108 3577 1246 3636 quae
1272 3557 1611 3624 efficiebant
1632 3557 2078 3639 monosyllaba:
2109 3556 2194 3616 ita
2220 3575 2293 3618 ex
2305 3555 2542 3615 duobus

340 3652 779 3731 comparativis,
804 3654 1026 3734 potius,
1054 3654 1291 3728 melius,
1311 3654 1462 3717 duos
1484 3656 1931 3717 constituebant
1957 3652 2346 3734 pyrrhichios
2389 3652 2544 3712 Nam

342 3750 845 3830 quemadmodum
900 3770 1311 3814 mensuremus
1353 3773 1590 3814 versum
1638 3752 1804 3812 illum
1860 3770 1934 3811 ex
1989 3747 2252 3809 Andria?
2322 3754 2339 3782 ‘
2363 3747 2546 3807 Dabit

345 3865 561 3910 nemo:
604 3846 867 3908 inveniet
892 3848 1129 3927 inopem
1157 3849 1379 3928 potius,
1404 3869 1585 3930 quarn
1614 3859 1673 3907 te
1701 3846 1996 3924 corrumpi
2024 3842 2222 3905 sinat.’
2278 3842 2544 3905 Necesse

347 3944 501 4006 enim
527 3954 623 4004 est
667 3962 743 4003 ex
782 3942 1015 4004 duabus
1064 3947 1307 4005 vocibus
1354 3945 1469 4018 his,
1526 3952 1544 3979 ‘
1569 3944 1788 4025 potius,
1834 3945 2057 4022 quam,'
2099 3941 2284 4002 unum·
2331 3940 2546 4022 pedem

350 4038 513 4102 fieri·
555 4039 718 4119 quod
745 4049 816 4100 ut
841 4040 1089 4114 efficias,
1113 4041 1303 4102 multa
1328 4042 1489 4123 prius
1531 4060 1602 4102 ac
1630 4038 1877 4099 mirabili
1903 4047 2044 4117 eget
2071 4036 2542 4118 interpolatione.

353 4133 508 4215 Ergo
530 4135 712 4214 vulgo
738 4135 824 4198 ita
848 4155 1087 4215 quoque
1112 4136 1344 4200 locutos
1380 4148 1548 4218 puto,
1592 4155 1714 4196 non
1741 4135 1965 4196 laturos
1992 4155 2304 4200 scenarum
2330 4135 2545 4195 barba-

357 4230 514 4308 riem,
540 4252 678 4315 quas
707 4230 784 4291 de
831 4231 1028 4294 medio
1056 4246 1313 4295 sumeret
1339 4252 1691 4302 sermonem.
1779 4231 1847 4291 In
1876 4231 1991 4294 hac
2017 4241 2217 4293 tamen
2247 4250 2310 4293 re
2340 4241 2402 4292 et
2424 4229 2548 4290 dis-
