3050 4942
535 354 624 422 86
1002 368 1368 420 nAmEms
1416 366 1703 417 nemen
1754 364 2272 415 mesum-Ario.

537 515 708 578 uus!
751 513 958 576 Omnis
989 522 1183 573 autem
1227 510 1493 584 imitatio,
1530 521 1600 570 ut
1644 519 1856 591 postea
1883 508 2148 570 dicemus
2175 510 2466 590 pluribus,
2512 519 2726 573 natura

535 614 734 693 placet
760 622 820 671 et
848 610 1120 670 delectat.
1188 607 1322 668 Hoc
1350 608 1507 666 enim
1532 606 1831 686 proprium
1859 614 1953 667 est
1978 605 2251 681 hominis,
2280 617 2357 666 ut·
2374 617 2533 668 recte
2562 609 2727 668 Aris-

536 710 774 781 toteles,
800 706 901 788 qui
929 717 990 766 et
1014 706 1445 785 μιμητικὼτατοε
1471 715 1583 765 τῶν
1610 706 1793 776 ieter,
1821 704 2030 766 merito
2071 705 2145 764 ab
2183 724 2255 766 eo
2284 704 2512 765 dicitur.
2595 704 2736 765 Joci

537 827 700 877 vero,
744 805 793 864 si
842 812 1119 883 petantur
1162 799 1445 879 undique,
1472 799 1708 860 molesti
1737 819 1807 860 ac
1834 799 2053 880 frigidi,
2082 809 2185 860 aut
2211 801 2528 862 theatrales
2558 801 2729 871 fiunt,

540 903 591 963 si
621 922 657 961 a
681 903 804 961 vita
831 900 951 960 sint
977 897 1150 959 alieni
1176 918 1191 958 ε
1235 898 1336 977 qui
1366 908 1432 956 ut
1458 897 1617 977 plebi
1668 899 1837 973 forte,
1878 898 1964 958 ita
1991 897 2182 959 doctis
2211 900 2442 980 placere
2471 918 2542 959 ac
2569 898 2733 978 sapi-

538 1000 769 1059 entibus
800 1016 917 1057 non
961 1003 1233 1077 possunt.
1318 994 1668 1055 Constantis
1713 996 1869 1057 enim
1909 995 2017 1055 viri
2066 1015 2138 1056 ac
2186 996 2470 1076 sapientis
2496 996 2733 1055 animus

536 1091 722 1155 laxari
767 1093 914 1166 vult,
961 1112 1081 1152 non
1130 1091 1301 1152 solvi.
1382 1090 1554 1151 Illam
1582 1100 1778 1152 autem
1805 1092 2308 1165 constitutionem,
2355 1095 2447 1151 καὶ
2492 1096 2622 1164 τὴν,
2663 1099 2735 1151 ut

539 1211 674 1252 cum
696 1190 909 1251 Stoicis
929 1189 1029 1250 hic
1053 1190 1281 1269 loquar,
1305 1192 1369 1249 ἐν
1389 1193 1571 1270 ταύτῷ
1589 1201 1687 1249 τοῦ
1709 1193 1871 1262 ἥθονσ
1888 1195 2090 1270 μονὴν,
2109 1189 2261 1250 risus
2284 1187 2476 1250 solvit.
2534 1190 2736 1258 Quem

535 1289 836 1368 praeclare,
881 1296 973 1357 τῆς
999 1290 1359 1366 περιχαρείας
1385 1286 1759 1367 ὓπερέκχυσιν
1786 1301 1881 1358 τῆς
1905 1288 2163 1369 ψυχικῆς,
2212 1286 2444 1365 antiqui
2491 1296 2734 1347 vocant.

543 1384 803 1463 Ideoque
831 1392 892 1443 et
919 1383 1225 1455 Socratici,
1253 1401 1505 1462 quorum
1530 1382 1663 1443 libri
1689 1385 2036 1463 penuarium
2061 1384 2326 1464 leporum
2353 1382 2615 1443 omnium
2642 1383 2742 1442 fu-

538 1491 713 1541 erunt
738 1500 807 1540 ac
835 1478 1196 1551 facetiarum,
1225 1479 1387 1559 quod
1418 1500 1452 1539 e
1481 1480 1878 1562 Xenophonte
1899 1490 1960 1542 et
1983 1481 2237 1542 Platone
2252 1481 2430 1543 etiam
2453 1480 2568 1541 hoc
2588 1490 2740 1541 tem-

541 1597 684 1657 pore
712 1587 973 1656 apparet,
1000 1578 1486 1657 χαριεντίέεσθαι,
1518 1595 1637 1637 non
1666 1584 2093 1653 γελωτοποιεῖν,
2118 1578 2335 1639 solent.
2400 1579 2490 1638 Ac
2521 1597 2597 1638 ne
2623 1576 2741 1657 ipsi

544 1676 784 1756 quidem
814 1673 1013 1748 Siculi,
1036 1673 1113 1733 ad
1140 1674 1517 1734 festivitatem
1541 1675 1688 1746 nati,
1711 1686 1772 1735 et
1790 1676 1892 1755 qui
1920 1675 2093 1755 primi
2121 1675 2381 1737 omnium
2411 1672 2741 1735 Comoedioe

542 1781 825 1851 putantur
851 1773 1207 1843 inventores,
1240 1770 1416 1831 alium
1444 1770 1601 1832 illius
1632 1772 1829 1843 finem,
1875 1776 2053 1851 quam
2081 1772 2145 1831 τὸ
2180 1775 2487 1853 χρήσιμον,
2533 1769 2598 1831 id
2625 1782 2743 1844 est,

542 1869 857 1929 utilitatem
886 1875 1231 1946 posuerunt.
1316 1866 1410 1928 De
1441 1865 1791 1947 Epicharmo
1819 1867 2161 1928 Theocritus
2188 1886 2204 1926 ε

780 1995 991 2055 Πολλὰ
1020 1999 1130 2072 γὰρ
1156 2000 1367 2056 ποττὰν
1394 1998 1553 2060 &univ
1581 2004 1693 2058 τοῖς
1718 1998 1917 2057 παισὶν
1944 1993 2067 2057 εἷπε
2095 2000 2371 2079 χρήσιμα·

1023 2091 1280 2166 Μεγάλα
1307 2093 1468 2171 χάρις
1494 2094 1666 2173 αὐτῷ.
1709 2124 1713 2128 ·

550 2220 619 2279 Id
647 2221 788 2299 quia
815 2240 989 2281 secus
1015 2221 1075 2280 in
1105 2220 1413 2281 Comoedia
1440 2222 1727 2303 Antiqua,
1756 2222 1954 2284 statim
1982 2222 2239 2290 dessein
2282 2223 2345 2283 in
2373 2242 2493 2303 qua
2519 2225 2746 2298 omnia,

549 2337 584 2375 a
611 2318 856 2377 veritate
882 2326 946 2377 et
971 2317 1400 2380 consuetudine
1429 2319 1643 2393 aliena,
1671 2320 1785 2381 hoc
1812 2329 1925 2393 est,
1951 2340 2086 2382 vere
2115 2324 2342 2396 γᾱλοῖα,
2370 2329 2434 2381 et
2453 2320 2531 2380 ad
2558 2320 2749 2382 risum

548 2423 721 2474 erant
745 2423 1106 2493 comparata.
1179 2414 1325 2482 Quis
1355 2434 1474 2475 non
1504 2415 1679 2489 ridet,
1707 2436 1841 2477 cum
1869 2417 2200 2496 exemplum
2229 2416 2390 2490 vitae,
2420 2426 2591 2498 pater
2618 2435 2751 2478 om-

550 2509 710 2574 nium
738 2510 1039 2585 virtutum,
1089 2512 1222 2591 ipsa
1248 2512 1613 2588 innocentia,
1641 2513 1924 2593 probitas,
1951 2532 2022 2574 ac
2048 2513 2253 2586 virtuS,
2283 2514 2560 2576 Socrates
2590 2512 2761 2573 ride-

550 2606 681 2666 tur?
722 2626 858 2668 cum
899 2608 959 2668 in
1000 2611 1175 2669 corbe
1203 2609 1582 2669 festivissime
1629 2608 2123 2689 philosophatur?
2162 2628 2319 2683 cum,
2367 2620 2516 2691 quot
2557 2609 2751 2689 pedes

549 2703 729 2781 pulex
757 2703 953 2778 saliat,
982 2705 1272 2766 subtiliter
1299 2725 1369 2765 ac
1398 2705 1753 2785 geometrice
1779 2704 2056 2766 metitur?
2084 2704 2377 2785 Pleraque
2406 2706 2562 2766 enim
2594 2706 2755 2767 falsa

553 2799 629 2862 de
658 2799 964 2861 sententiis
992 2801 1484 2882 opinionibusque
1511 2811 1774 2864 veterum
1803 2800 2321 2880 Philosophorum,
2371 2811 2432 2862 et
2457 2802 2537 2861 ad
2565 2803 2755 2863 risum

551 2896 711 2960 facta
754 2906 859 2956 aut
906 2898 1243 2975 excogitata
1292 2907 1451 2969 sunt,
1494 2917 1632 2976 quae
1682 2898 1978 2976 praecipue
2025 2897 2183 2956 hunc
2211 2898 2480 2958 'excitare
2528 2900 2754 2960 solent.

552 2990 696 3053 Ideo
725 3011 835 3051 nec
862 3010 1065 3051 omnes
1095 2992 1329 3065 Plauti,
1361 3003 1587 3053 tantam
1633 2994 1935 3053 materiem
1983 2993 2239 3067 ridendi,
2285 3004 2570 3074 quantam
2599 3015 2756 3056 una-

554 3088 776 3165 quaevis
803 3106 879 3146 ex
905 3087 1395 3167 Aristophanicis,
1436 3091 1794 3169 suppeditat.
1877 3091 2064 3151 Alteri
2111 3091 2266 3151 enim
2316 3091 2535 3164 omnia,
2579 3090 2758 3151 alteri

551 3200 748 3261 pauca
772 3201 877 3261 per
897 3182 1064 3262 leges
1089 3182 1366 3245 licebant.
1437 3187 1737 3260 Ceterum,
1765 3196 1834 3246 ut
1861 3186 2037 3247 modo
2066 3186 2430 3261 dicebamus,
2460 3186 2754 3267 quicquid

555 3276 807 3338 maxime
837 3278 912 3336 ab
941 3278 1157 3357 agendi
1188 3280 1618 3342 consuetudine
1665 3292 1770 3342 aut
1818 3282 2057 3344 dicendi
2103 3282 2355 3344 alienum
2399 3295 2512 3357 est,
2564 3284 2754 3344 risum

555 3373 806 3433 maxime
829 3382 1065 3435 movere
1091 3375 1262 3436 solet.
1346 3378 1416 3436 In
1445 3377 1774 3453 sententiis,
1798 3378 1989 3457 qualis
2018 3379 2118 3439 illa
2146 3380 2373 3441 Comici
2395 3381 2670 3456 Nebulis,

718 3503 838 3563 Kal
863 3527 946 3564 τοι
971 3506 1235 3584 πρότερον
1263 3507 1362 3568 roi!
1388 3507 1473 3568 Δι’
1499 3512 1716 3582 ἀληθῶς
1741 3509 1898 3591 ᾤμην
1927 3507 2021 3569 διὰ
2048 3515 2302 3570 κοσκίνου
2329 3514 2536 3590 οὒρεῖν.

560 3627 631 3690 In
672 3633 887 3707 verbis,
935 3650 1004 3696 ut
1054 3655 1188 3695 cum
1216 3636 1619 3699 furacissimus
1650 3660 1851 3700 servus
1893 3640 2291 3701 κλεπτίστατοε
2318 3661 2354 3702 a
2381 3640 2625 3702 domino
2655 3660 2758 3702 vo-

560 3740 748 3805 catur,
791 3731 893 3811 qui
919 3731 1164 3793 laudare
1189 3734 1647 3797 taciturnitatem
1677 3737 1737 3797 in
1766 3737 1972 3797 eodem
1996 3736 2264 3799 videtur:

879 3860 1047 3921 Ἀλλ’
1073 3861 1139 3924 οὔ
1169 3889 1235 3924 σε
1263 3866 1466 3941 κρῦψω·
1498 3878 1607 3928 τῶν
1636 3870 1784 3944 ἐμῶν
1814 3871 1923 3945 γὰρ
1951 3870 2175 3927 οἰκετῶν

884 3956 1236 4020 Πιστότατον
1262 3964 1507 4038 ἡγοῦμαί
1538 3986 1602 4021 σε
1629 3966 1720 4021 καὶ
1745 3967 2166 4022 κλεπτίστατον.

568 4078 744 4146 Quod
763 4064 962 4159 ⁵ipsum
993 4083 1297 4162 aliquanto
1326 4088 1671 4167 castigatius
1702 4089 1861 4150 Nero
1903 4089 2129 4164 extulit,
2174 4092 2278 4171 qui
2322 4051 2400 4152 de
2429 4093 2536 4153 tali
2564 4095 2760 4167 serv'0,

564 4183 594 4211 ⁶
615 4174 779 4235 Nulli
807 4177 965 4258 apud
996 4197 1059 4240 se
1086 4183 1220 4260 plus
1248 4182 1384 4243 fidei
1425 4184 1684 4257 habere,’
1727 4185 1999 4247 dicebat:
2043 4195 2061 4221 ‘
2093 4185 2237 4246 nihil
2289 4188 2445 4250 enim
2473 4188 2529 4250 ei
2558 4209 2763 4270 neque
