3050 4942
1000 407 1344 459 nunucnt
1391 408 1562 459 Ac‘r.
1611 411 1677 457 v.
1724 410 1829 459 sc.
1876 410 1987 461 JX.
2462 395 2594 464 533

394 552 533 621 ΡΗ.
580 552 766 633 Quid
796 552 867 620 id
893 554 1044 619 est'l
1134 552 1279 620 GN.
1325 551 1618 619 Militem
1648 573 1775 636 ego
1822 553 2101 619 rivalem
2134 554 2590 640 recipiendum

653 676 926 723 censen.
1019 655 1156 721 ΡΗ.
1203 655 1427 721 Hem!

394 757 924 845 Recipiendnm!
1014 758 1160 830 GN.
1207 757 1446 841 Cogita
1494 758 1722 823 modo.
1810 757 1919 822 Tu
1968 757 2190 824 hercle
2215 779 2394 825 ¹cum
2439 761 2587 839 illa,

655 861 997 941 Phaedria,

390 963 493 1034 Et-
510 967 794 1034 libenter
820 965 999 1033 vivis
1020 985 1039 1047 3
1064 963 1328 1029 etenim
1355 966 1524 1030 bene
1549 965 1828 1030 libenter
1858 966 2144 1030 victites.

390 1068 600 1149 Quod
643 1068 785 1147 dee,
833 1067 1114 1152 paulum
1161 1070 1303 1147 est;
1366 1072 1435 1131 et
1463 1086 1738 1132 necesse
1788 1079 1896 1132 est
1944 1069 2223 1134 multum
2278 1071 2589 1155 accipere

649 1168 1005 1249 Thaidem,
1568 1178 1571 1181 ’
2498 1175 2588 1241 45

393 1347 501 1402 ΟΝ.
540 1351 667 1414 Ego,
686 1358 739 1402 ut
759 1353 1102 1416 competitorem
1122 1353 1331 1404 Militem
1351 1354 1403 1404 in
1422 1367 1579 1404 amore
1599 1354 1689 1404 tibi
1709 1370 1807 1404 esse
1832 1355 2053 1419 patiaris,
2074 1346 2318 1418 Pliaedria,
2337 1354 2429 1404 tibi
2450 1369 2589 1417 expe-

388 1415 493 1463 dire
526 1417 751 1467 arbitror.
816 1418 925 1474 Pu.
959 1418 1087 1468 Hem
1100 1417 1125 1467 !
1155 1424 1211 1468 stt
1247 1421 1589 1483 competitorem
1623 1420 1817 1483 patiar?
1881 1421 1988 1470 GN.
2037 1422 2214 1482 Cogito
2256 1423 2406 1482 modo,
2445 1420 2590 1468 1³11ae-

387 1479 524 1528 dria:
555 1486 610 1530 ιιι
628 1482 885 1532 mehercule
904 1498 1008 1533 cum
1034 1483 1214 1534 Thaide
1234 1485 1360 1535 laute
1390 1489 1440 1534 et
1462 1490 1693 1534 sumtuose
1726 1485 1991 1534 convivaris
2006 1500 2028 1542 ,·
2062 1500 2173 1534 riam
2210 1487 2354 1534 etiam
2374 1483 2591 1534 delicatis

385 1546 434 1592 et
453 1546 624 1610 amplis
643 1547 872 1598 conviviis
889 1548 1115 1599 delectari
1132 1551 1269 1600 soles.
1338 1550 1478 1606 Quod
1497 1565 1606 1600 vero
1630 1550 1675 1599 ei
1694 1550 1792 1609 des,
1809 1563 1978 1615 porum
1998 1548 2089 1598 tibi
2109 1553 2216 1609 θείς
2250 1554 2298 1599 et
2318 1562 2497 1599 necesse
2511 1553 2587 1598 eet

1307 1709 1426 1732 me

387 1816 498 1876 nat,
520 1813 881 1880 sisynaloepba
902 1832 1003 1866 non
1027 1816 1136 1870 fiat.
1172 1820 1265 1871 Fa.
1331 1819 1393 1870 Si
1421 1821 1548 1871 idem
1584 1820 1675 1870 Br.
1712 1820 1871 1870 Bent.
1907 1820 1966 1868 Ζ.
2007 1818 2129 1881 Bip.
2168 1817 2311 1867 Perl.
2379 1817 2442 1866 Id
2464 1821 2586 1881 post

389 1884 405 1906 ⁸
425 1893 515 1928 vos
534 1877 551 1901 '
587 1879 765 1956 Guelf.
791 1886 970 1933 1.-42
1004 1883 1225 1934 Rivalem
1239 1886 1349 1949 ego]
1380 1886 1486 1938 Do.
1512 1893 1568 1935 et
1590 1900 1638 1936 o.
1661 1886 1695 1934 l.
1720 1900 1762 1934 s,
1784 1893 1975 1948 praeter
1996 1881 2325 1943 Bembinnm,
2349 1898 2435 1945 ego
2455 1883 2585 1931 riva·

386 1939 495 2005 lem,
530 1945 744 1995 meliore
781 1961 993 1997 numero
1028 1956 1083 1998 et
1114 1951 1505 2014 compositione.
1546 1952 1633 2001 Fa.
1702 1951 1881 1999 Nostri
1919 1964 2112 2007 omnes,
2129 1963 2216 2009 ego
2236 1949 2448 1997 ricatan.
2519 1948 2588 1997 Et

384 2020 484 2069 pro
510 2008 640 2064 Quid
658 2015 731 2060 eet
754 2011 982 2076 quinque
1005 2027 1123 2062 cum
1146 2015 1283 2066 Edd.
1305 2024 1432 2066 vett.
1459 2015 1590 2070 Quid
1626 2015 1679 2064 id
1712 2011 1821 2065 eet?
1868 2015 2024 2066 Bent.
2091 2014 2221 2068 Quid
2253 2017 2322 2061 est
2344 2013 2434 2061 Br.
2461 2012 2586 2076 Bip.

387 2071 449 2120 Ζ.
516 2073 612 2123 Em
648 2075 952 2127 Bia—4345
988 2078 1086 2127 Ph.
1123 2080 1269 2142 Hem,
1304 2079 1671 2143 Recipiundum]
1718 2080 1837 2128 Hoc
1879 2079 2108 2127 Clnaereae
2136 2078 2342 2127 tribue:
2378 2078 2393 2104 ‘
2414 2076 2585 2127 Hem’

387 2137 555 2213 solnm
575 2137 863 2201 Pbaedriae3
895 2142 984 2207 qui
1007 2157 1115 2220 prae
1140 2144 1494 2221 indignatione
1527 2146 1653 2221 ¹¹.⁵¹³³.¹
1689 2142 1986 2209 respondet,
2020 2141 2111 2191 sed
2146 2144 2290 2220 uultu
2312 2142 2586 2218 consilium

383 2207 599 2318 3333:
638 2204 804 2325 θῶ.
822 2207 1142 2335 *mu
1162 2207 2586 2337 .’.’.....’....”.Μ....,,,.ῑ...“........3.ἐκ...

382 2329 596 2395 Inepte,
617 2348 682 2382 ne
703 2335 828 2400 quid
889 2336 1060 2387 ravius
1083 2339 1269 2389 dicam.
1308 2342 1453 2390 West.
1523 2341 1597 2389 Tu
1614 2339 1768 2389 hercle
1790 2355 1893 2388 cum
1915 2340 2018 2398 illa,
2045 2337 2290 2400 Pliade-ia,
2332 2337 2402 2386 Et
2431 2335 2581 2386 liben-

384 2401 459 2448 ter
470 2397 620 2474 picis,
617 2399 844 2513 {gaggan
884 2417 969 2479 ene
988 2402 1187 2479 libenter
1219 2405 1427 2480 cictitas,
1459 2405 1599 2481 Quod
1620 2407 1701 2481 des
1720 2405 1958 2482 paululum
1978 2408 2068 2465 est,
2090 2417 2270 2479 necesse
2290 2406 2359 2451 est
2380 2404 2582 2450 multum

380 2473 805 2602 ssiissffmo'us
842 2464 1161 2594 {xl-³312?
1163 2470 1852 2602 mqazx·zi‘·;.¹l¹zz¹:.1tf
1858 2468 2113 2582 ‘bingii‘
2127 2467 2427 2595 3¹:2⁸5&
2460 2479 2583 2579 22¹1:

378 2592 506 2643 illud
530 2600 597 2656 et,
618 2594 756 2657 quod
772 2595 1007 2657 seqnitur
1026 2595 1079 2645 in
1102 2598 1360 2660 principio
1385 2598 1649 2661 sequentis
1674 2612 1870 2657 versus,
1904 2596 1975 2644 Et
1998 2598 2119 2659 quod
2154 2597 2235 2645 des
2259 2594 2518 2658 paululum,
2534 2600 2584 2644 et

379 2672 558 2708 necesse
575 2661 647 2708 est
664 2660 865 2708 multum
884 2662 1093 2723 occipere
1111 2662 1355 2724 Thaidem,
1378 2677 1557 2711 omnes
1581 2663 1782 2726 antiqui
1806 2661 1921 2710 libri
1940 2669 1994 2709 et
2033 2661 2179 2709 multi
2203 2660 2288 2709 alii
2314 2668 2376 2707 ex
2401 2673 2583 2708 recen·

382 2721 521 2772 tibus
542 2738 644 2772 non
666 2723 880 2775 habent.
948 2725 1144 2775 Omnes
1168 2741 1290 2776 vero
1310 2734 1569 2791 quotquot
1591 2735 1729 2787 sunt,
1753 2732 1870 2790 post
1884 2727 2141 2788 paululum,
2156 2725 2347 2774 babent
2370 2722 2581 2773 verbnm

379 2793 470 2848 est,
507 2795 563 2838 et
591 2795 710 2852 post
741 2788 795 2838 id
819 2788 1145 2841 incontextu
1169 2790 1407 2840 Bembini
1431 2806 1537 2840 non
1557 2800 1641 2841 est
1662 2792 1959 2853 conjunctio
1981 2795 2027 2839 et
2042 2806 2063 2847 ,-
2109 2804 2209 2853 qna
2244 2788 2434 2847 demta,
2467 2803 2583 2838 ver·

381 2853 462 2901 sui
505 2852 823 2903 commodius
846 2862 943 2905 est.
974 2856 1067 2906 Fa.
1136 2856 1333 2906 Omnes
1368 2857 1535 2906 nostri
1574 2872 1691 2906 cum
1733 2855 1866 2905 Edd.
1904 2860 2034 2904 vett.
2072 2854 2264 2903 babent
2302 2857 2351 2903 et
2387 2867 2585 2916 necesse,

383 2925 492 2966 tres
532 2926 703 2968 autem
737 2920 928 2980 petalum
965 2933 1061 2983 pro
1093 2922 1361 2982 paululum.-
1417 2922 1555 2978 Quod
1590 2925 1673 2971 des
1710 2923 1903 2984 paulum
1935 2925 2023 2980 est,
2048 2924 2094 2968 et
2116 2933 2296 2968 necesse
2315 2923 2406 2968 est.
2474 2918 2581 2967 Pro

380 2981 451 3031 Et
476 2981 675 3033 libenter
709 2983 851 3045 vivis,
873 2999 1001 3033 unus
1043 2999 1110 3033 ex
1147 2986 1320 3048 Regiis
1359 2987 1428 3036 Ut
1462 2986 1679 3036 libenter.
1748 2987 1888 3047 Lege
1929 2992 1984 3033 et
2022 2983 2301 3046 distingue,
2338 2983 2584 3033 Tubercle

381 3060 488 3095 etun
524 3047 627 3108 illa,
665 3048 912 3112 Phoedria,
971 3050 1039 3099 Ut
1084 3050 1281 3099 libenter
1318 3052 1441 3100 vicis
1496 3051 1572 3115 (et
1612 3053 1738 3101 enim
1781 3050 1894 3098 bene
1931 3049 2131 3099 libenter
2177 3048 2396 3113 victites)
2444 3049 2583 3104 Quod

380 3111 463 3160 des
495 3114 750 3190 malumst,
785 3118 835 3162 et
870 3129 1051 3165 necesse
1091 3121 1163 3165 est
1203 3116 1400 3165 multum
1440 3117 1651 3180 occipere
1686 3116 1932 3193 'Iliaidem-
1989 3115 2090 3227 ’dqt
2130 3114 2249 3163 vicis
2263 3130 2283 3172 ,·
2335 3113 2434 3163 hoc
2480 3120 2580 3176 est,

376 3190 476 3292 553
480 3185 708 3294 31:13:ss
734 3180 1131 3319 ..giglzdfflzissff
1147 3189 1609 3310 53:32¹3332152‘3.
1622 3196 1786 3310 ζ’..ἕέἶ
1793 3186 2113 3295 Ἓέἒῗωὸέῗᾰ
2123 3185 2583 3319 32ῑῖἶῗῗέ.ῖῗξ.ἒέξ

380 3308 498 3360 est?
529 3306 632 3357 Sed
654 3318 888 3358 exoritur
911 3311 987 3359 vir
1009 3309 1261 3371 eruditus,
1284 3311 1371 3375 qui
1396 3312 1566 3360 omnia
1587 3312 1670 3359 bic
1694 3309 2005 3360 conturbet:
2040 3316 2196 3369 neget
2212 3306 2411 3356 libenter
2424 3321 2581 3357 vivere

316 3407 327 3414 .
378 3385 497 3434 pro,
521 3372 681 3436 laute,
700 3373 933 3422 hilariter
954 3374 1038 3423 bic
1061 3375 1185 3436 diei,
1206 3374 1295 3424 sed
1335 3376 1562 3425 libenter
1600 3389 1714 3424 cum
1754 3374 1871 3434 illa3
1918 3379 2074 3434 neget
2111 3371 2221 3419 bene
2247 3371 2444 3420 libenter
2477 3385 2580 3420 una

367 3436 540 3504 jungi,
562 3435 653 3485 sed
674 3435 872 3486 libenter
891 3437 1252 3503 subdistingui,
1274 3440 1487 3503 Libens,
1503 3440 1714 3500 volens,
1734 3437 1846 3486 bene
1864 3436 2072 3485 victites.
2139 3435 2278 3487 Quid
2302 3449 2425 3498 ergo
2448 3435 2579 3485 illud

376 3500 539 3565 prisci
562 3501 772 3552 Catonis
795 3517 840 3552 c.
858 3507 970 3553 156.
1032 3503 1047 3530 ‘
1063 3504 1120 3554 Si
1144 3507 1283 3554 voles
1308 3506 1359 3554 in
1383 3505 1617 3554 convivio
1638 3504 1854 3553 multum
1868 3501 2065 3562 bibere,
2087 3514 2396 3564 coenareque
2417 3500 2580 3551 liben-

377 3572 463 3614 ter
479 3566 517 3615 Ρ
552 3567 690 3618 Quid
713 3567 850 3630 quod
875 3567 1059 3618 Cicero
1081 3570 1162 3618 De
1185 3570 1398 3620 Finibus
1422 3584 1482 3620 ιι.
1496 3573 1545 3619 8.
1567 3571 1633 3618 de
1655 3568 1819 3619 Loelio
1832 3573 1887 3616 et
1905 3564 2180 3615 Gallonio?
2217 3564 2371 3614 Hunc
2391 3579 2578 3628 nempe

378 3629 653 3696 Gurgitem
675 3632 931 3688 ‘libenter
949 3647 1182 3684 coenasse
1200 3634 1214 3656 ’
1234 3633 1386 3684 fateri
1409 3649 1586 3685 omnes
1605 3649 1621 3692 ς
1659 3637 1673 3660 ‘
1690 3634 1821 3686 bene
1838 3630 1853 3655 '
1888 3645 2140 3690 coenasse,
2165 3630 2377 3679 Laelium
2398 3637 2453 3679 et
2474 3644 2581 3679 om·

376 3709 470 3747 nes
491 3697 580 3761 qui
603 3703 750 3746 recte
778 3697 986 3761 sapiunt
1008 3713 1217 3763 negare.
1280 3700 1387 3750 Sed
1415 3701 1559 3763 piget
1582 3700 1633 3748 in
1653 3699 1731 3748 his
1762 3696 1986 3757 morari,
2021 3708 2120 3745 nec
2152 3693 2265 3758 ejus
2288 3695 2582 3745 hariolatio·

378 3774 498 3810 nem
521 3768 569 3810 et
591 3762 734 3812 etiam
762 3776 856 3825 pro
890 3767 939 3811 et
974 3765 1119 3826 enim,
1140 3778 1237 3814 nec
1272 3766 1638 3829 trajectionem
1672 3759 1914 3812 ‘hercle’
1952 3760 2006 3810 in
2040 3765 2250 3810 versum·
2275 3767 2577 3824 sequentem

378 3832 535 3876 vacat
557 3834 821 3878 excutere.
887 3826 1231 3878 Febriculosae
1254 3830 1334 3882 hae
1373 3829 1824 3891 correctiunculae,
1863 3825 2008 3891 quasi
2036 3824 2209 3875 herbae
2252 3825 2576 3887 solstitiales,

417 3893 644 3956 aulisper
666 3890 831 3940 fuere.
862 3893 1010 3942 Bent.
1076 3893 1159 3944 Ex
1181 3894 1339 3945 Bent.
1373 3896 1675 3958 conjectura
1695 3891 1968 3954 legendum
2004 3897 2083 3940 est
2120 3890 2186 3939 Ut
2208 3888 2406 3939 libenter
2425 3889 2581 3944 vivis.-

414 3955 566 4005 einde
591 3955 886 4018 parenthesi
910 3956 1225 4008 includenda
1246 3960 1407 4008 verba
1426 3960 1598 4011 etenim
1615 3959 1727 4008 bene
1744 3956 1829 4008 lib.
1844 3956 2053 4008 victites.
2079 3955 2144 4004 R.
2166 3954 2236 4012 D,
2282 3954 2387 4006 Pu.
2409 3953 2537 4004 Hem
2552 3953 2580 4005 Ι

379 4019 485 4071 Cn.
518 4020 882 4084 Recipiendum]
916 4021 975 4070 L.
1012 4022 1169 4087 antiq.
1237 4024 1346 4074 Pu.
1381 4023 1510 4073 Hem
1536 4024 1865 4087 recipiendum.
1933 4020 2085 4070 Hanc
2103 4019 2322 4069 oration.
2360 4034 2390 4067 a
2419 4019 2578 4069 Bent.

374 4085 513 4138 inter
535 4085 664 4135 duas
688 4099 935 4148 personas
959 4091 1141 4136 eontra
1162 4101 1211 4137 o.
1233 4087 1383 4137 codd.
1407 4089 1620 4138 divisam
1643 4102 1703 4137 ac
1740 4087 2042 4139 distinctam
2064 4083 2238 4147 recepi
2277 4083 2483 4148 quidem
2519 4083 2572 4132 in

380 4158 603 4211 textum,
626 4150 718 4200 sed
743 4164 922 4214 parum
959 4150 1123 4208 abest,
1147 4159 1207 4201 ut
1241 4153 1307 4200 ab
1347 4153 1614 4215 ingenioso
1652 4153 1783 4201 Viro
1823 4159 1929 4201 tam
1953 4149 2085 4199 scite
2124 4148 2470 4212 persuadente
2505 4148 2574 4199 ad

376 4217 518 4277 vulg.
541 4216 820 4266 lectionem
848 4215 1106 4266 recedam.
1181 4217 1406 4275 Victitos,
1440 4223 1488 4267 et
1525 4216 1703 4267 Guelf.
1741 4221 1791 4266 2.
1827 4216 1958 4267 Perl.
2021 4216 2174 4264 Bent.
2199 4227 2265 4262 ex
2300 4215 2399 4262 uno
2441 4213 2572 4268 eod.

381 4286 564 4331 contra
586 4288 790 4332 ceteros
814 4294 989 4330 omues
1024 4280 1311 4332 rescribens
1356 4283 1440 4345 Ut,
1477 4283 1599 4332 dein
1637 4280 1713 4347 (et
1733 4280 2164 4344 enim—victitat)
2200 4279 2578 4342 intercludens,

620 4549 631 4576 l
