3050 4942
1003 384 1103 432 DE
1151 384 1433 435 mn'rms
1481 385 1804 437 COMlcls.
2366 373 2498 440 283

314 527 586 589 omnibus
615 527 857 607 syllabis
887 527 946 586 in
972 530 1185 608 quibus
1217 530 1566 610 synaloepha
1592 531 1684 591 vel
1714 530 2018 611 ecthlipsis
2047 530 2399 611 negligitur:
2439 543 2499 592 et

313 643 742 704 nonnunquam
784 625 858 684 iis
903 628 1078 686 etiam
1125 627 1369 707 syllabis
1396 647 1645 709 quarum
1684 629 1983 707 quantitas
2031 629 2226 687 minus
2261 630 2501 708 cognita

313 733 406 780 est
432 741 447 781 ε
475 741 527 780 -o
557 722 734 781 etiam
761 722 936 782 finale
964 724 1290 797 verborum,
1334 733 1402 783 ut
1428 743 1741 805 puerorum
1766 722 2108 803 praejudicio
2145 735 2500 799 occurratur,

315 818 416 895 qui
443 818 788 898 plerumque
813 839 918 899 pro
947 830 1215 898 correpto
1241 820 1457 880 habere
1485 820 1697 893 solent,
1726 840 1861 879 cum
1889 821 1949 877 in
1977 819 2038 878 id
2068 832 2348 880 accentus
2378 842 2502 881 me·-

312 915 495 974 tricus
526 915 708 990 cadit,
752 926 1000 976 accentu
1044 916 1226 996 longo
1267 918 1511 977 notavi:
1553 917 1655 977 ubi
1694 936 1836 977 vero
1861 917 1921 975 in
1950 937 2096 976 voce
2127 916 2325 997 aliqua
2348 919 2504 978 binae

315 1009 566 1089 syllabae
594 1011 656 1069 in
684 1031 862 1070 unam
904 1011 1349 1083 contrahuntur,
1379 1013 1443 1072 id
1467 1013 1653 1073 literis
1681 1014 1933 1092 margini
1962 1014 2245 1093 appositis
2277 1034 2505 1094 semper

316 1107 576 1170 ostendi.
658 1107 756 1168 Ad
795 1108 948 1182 haee,
995 1129 1130 1170 cum
1160 1129 1321 1191 saepe
1347 1111 1452 1170 fiat
1479 1122 1547 1171 ut
1574 1120 1824 1171 metrum
1852 1130 1958 1170 seu
1988 1109 2207 1171 διποὸία
2233 1111 2292 1169 in
2322 1111 2506 1189 pedes

315 1204 567 1264 diversis
596 1203 786 1265 modis
812 1205 1025 1265 resolvi
1053 1206 1260 1286 possit,
1289 1228 1321 1268 e
1350 1208 1563 1287 quibus
1607 1208 1709 1269 ille
1749 1208 2059 1288 eligendus
2099 1209 2201 1287 qui
2227 1209 2506 1287 legitimoe

314 1301 784 1382 pronuntiationi
808 1302 1045 1362 minime
1070 1303 1272 1376 officit,
1299 1323 1695 1383 numerosque
1735 1305 1970 1364 minime
1998 1324 2246 1365 sonoros
2272 1305 2507 1372 reddit;

318 1397 616 1477 ejusmodi
651 1409 840 1458 metra
864 1398 979 1460 hac
1007 1412 1151 1459 nota
1186 1434 1212 1446 -
1248 1400 1308 1459 in
1335 1400 1521 1483 pedes
1552 1420 1690 1461 suos
1721 1402 1981 1461 distinxi.
2066 1402 2227 1461 Nihil
2257 1402 2513 1482 denique

319 1495 607 1555 omissum
636 1506 748 1569 est,
796 1497 957 1576 quod
1007 1498 1343 1577 excogitare
1390 1498 1581 1579 potui,
1623 1508 1691 1559 ut
1735 1499 1904 1559 metri
1931 1499 2268 1559 Terentiani
2295 1499 2513 1559 intelli-

318 1593 525 1668 gentia
553 1592 832 1652 facillima
857 1594 1220 1669 redderetur,
1248 1608 1310 1656 et
1338 1596 1412 1655 ad
1442 1597 1700 1657 tironum
1740 1605 1980 1676 captum
2012 1616 2252 1676 prorsus
2281 1615 2515 1657 accom-

320 1687 585 1749 modata.
670 1691 823 1749 Cum
847 1712 985 1752 vero
1012 1712 1218 1753 versus
1245 1694 1453 1754 comici
1498 1694 1578 1753 ad
1619 1684 1790 1754 tibias
1833 1703 2201 1764 canerentur,
2246 1702 2519 1771 superest

323 1796 391 1844 ut
417 1787 493 1846 de
522 1787 595 1847 iis
623 1807 815 1866 pauca
842 1788 1116 1868 quaedam
1159 1790 1373 1863 dicam,
1401 1811 1538 1870 quae
1568 1791 1712 1851 satis
1744 1790 1865 1850 sint
1890 1790 1967 1850 ad
1997 1789 2384 1868 intelligenda
2410 1789 2516 1848 illa

323 1903 459 1961 quae
488 1884 551 1943 in
577 1885 933 1946 Fabularum
952 1887 1160 1947 harum
1184 1888 1369 1947 titulis
1395 1886 1709 1947 habentur.

407 1982 503 2040 De
532 1981 625 2040 his
653 1983 822 2041 multi
851 1983 1041 2043 multa
1066 1994 1127 2044 et
1152 1984 1327 2044 valde
1356 1985 1621 2052 diversa3
1667 2003 1801 2063 qnae
1824 2002 1900 2043 ne
1925 2002 2232 2043 recensere
2259 1980 2517 2061 quidem,

326 2078 546 2139 nedum
574 2090 848 2152 excutere
875 2079 969 2139 vel
1011 2081 1193 2141 otium
1229 2092 1325 2142 est
1362 2081 1458 2142 vel
1501 2081 1754 2141 animus.
1837 2081 2093 2140 Constat
2126 2078 2286 2159 apud
2314 2097 2522 2138 omnes

320 2175 530 2256 ,primis
557 2176 918 2254 temporibus
949 2176 1122 2236 tibias
1153 2197 1227 2237 ex
1256 2174 1547 2238 arundine
1574 2178 1793 2246 fuisse;
1836 2196 1968 2240 eam
1996 2195 2155 2247 vem,
2184 2195 2320 2255 quae
2363 2175 2523 2234 radi-

331 2292 457 2332 cem
485 2282 914 2341 antecesserat,
940 2272 1111 2333 laevae
1141 2274 1302 2333 tibiae
1352 2274 1705 2342 convenire3
1751 2294 1886 2353 quae
1928 2291 2236 2344 cacumen,
2276 2271 2523 2343 dextrae,

331 2370 520 2448 inquit
549 2368 777 2428 Plinius
817 2370 858 2428 l.
891 2387 1040 2429 ΧΠ.
1085 2390 1138 2429 c.
1171 2372 1270 2430 36.
1315 2390 1390 2430 ex
1432 2371 1866 2452 Theophrasto,
1903 2370 2075 2449 cujus
2122 2370 2301 2430 verba
2341 2376 2523 2429 sunt:

330 2468 452 2537 Τὴν
496 2469 606 2545 μὲν
653 2467 786 2546 πρὸς
830 2471 900 2549 τῇ
945 2467 1079 2548 ῥίὲῃ
1126 2470 1425 2545 ἀριστερὰν
1472 2466 1639 2539 εἶναι,
1686 2473 1790 2541 τὴν
1815 2466 1878 2527 δὲ
1906 2468 2039 2545 πρὸς
2065 2468 2191 2528 τοὺς
2216 2463 2525 2541 βλαστοῦε,

334 2563 517 2636 δεξιάν
541 2585 557 2626 t
603 2583 674 2623 ex
712 2564 807 2623 his
852 2571 1049 2623 autem
1091 2563 1358 2624 dextram
1408 2566 1733 2644 graviorem
1780 2583 1992 2624 sonum
2018 2562 2279 2624 edidisse
2308 2563 2537 2640 saepius
2617 2593 2622 2597 -

338 2682 374 2721 a
401 2663 645 2729 Donato
673 2663 895 2722 dictum
928 2672 1054 2730 est3
1084 2661 1248 2740 quod
1276 2661 1374 2721 isti
1399 2662 1558 2722 tibiae
1597 2663 1969 2733 convenisse,
2011 2681 2147 2739 quae
2189 2659 2529 2738 angustiore

341 2770 499 2820 esset
535 2759 840 2832 foramine,
879 2758 1144 2820 ostendit
1188 2760 1273 2818 vir
1318 2760 1549 2820 clariss·
1588 2760 1760 2819 Isaac
1784 2758 2037 2818 Vossius
2064 2755 2530 2834 injelegantissi-

342 2875 436 2915 mo
465 2856 694 2917 Libello
722 2857 798 2917 de
817 2857 1058 2917 Viribus
1085 2856 1373 2936 Rhythmi
1398 2877 1459 2935 p.
1492 2858 1627 2917 111.
1656 2876 1732 2917 ex
1752 2856 1867 2917 hoc
1895 2853 2112 2915 AEliani
2133 2854 2288 2925 1000,
2307 2853 2532 2931 quiex-

343 2964 430 3012 tat
468 2953 631 3032 apud
660 2954 1048 3034 Porphyrium
1078 2954 1139 3012 in
1171 2954 1662 3034 Hypomnematis
1691 2952 1768 3013 ad
1795 2950 2157 3011 Harmonica
2181 2948 2490 3010 Ptolemoei
2515 2968 2534 3008 ι

344 3050 465 3112 Εὰν
512 3050 672 3133 λάβῃ
715 3077 795 3111 τις
839 3050 937 3110 δύο
984 3049 1208 3122 αὐλοὺς,
1256 3060 1369 3112 τοῖς
1413 3054 1523 3132 μὲν
1568 3055 1803 3132 μήκεσιν
1832 3050 2009 3120 ἴσους,
2034 3057 2156 3109 ταῖς
2183 3045 2249 3107 δὲ
2276 3046 2534 3127 εὒρῖιτησι

347 3159 454 3208 τῶν
480 3152 703 3208 κοιλιῶν
728 3146 1108 3230 διαφέροντας,
1158 3151 1408 3225 καθάπερ
1449 3150 1687 3229 ἔχουσιν
1726 3148 1782 3207 οἶ
1820 3146 2048 3225 Φρῦγιοι
2086 3145 2220 3225 πρὸς
2258 3142 2383 3205 τοῦς
2405 3144 2541 3203 Ἑλ·

348 3247 623 3319 ληνικοῦς,
668 3248 891 3324 εὑρήσει
944 3250 1348 3324 παραπλησίως
1388 3245 1453 3305 τὸ
1504 3249 1850 3323 εὒρυκοίλιον
1903 3244 2158 3322 ὀξύτερον
2208 3246 2540 3320 προϊέμενον

349 3346 607 3423 φθόγγον
642 3352 741 3404 τοῦ
786 3347 1176 3403 στενοκοιλίου.
1255 3342 1595 3421 Θεωροῦμέν
1638 3348 1709 3416 γέ
1747 3365 1834 3401 τοι
1870 3342 1995 3401 τοὺς
2018 3339 2287 3418 Φρυγίους
2312 3336 2541 3399 eremos

352 3450 466 3499 ταῖς
494 3446 727 3500 κοιλίαις
771 3441 954 3512 ὄντας,
1008 3443 1098 3499 καὶ
1143 3444 1337 3520 πολλῷ
1382 3438 1723 3517 βαρυτέρους
1767 3439 1945 3521 ᾕχουε
1969 3436 2402 3514 προβάλλοντας
2428 3445 2542 3496 τῶν

346 3536 713 3609 Ἑλληνικῶν.

437 3635 525 3695 Ea
554 3655 690 3716 quse
718 3635 793 3697 de
821 3636 1006 3697 Tibiis
1032 3635 1093 3696 in
1123 3633 1309 3697 titulis
1339 3634 1503 3722 dicta
1548 3642 1709 3707 sunt,
1750 3631 1924 3710 juxta
1966 3628 2298 3690 fabularum
2337 3624 2544 3686 seriem

362 3730 441 3791 sic
469 3751 532 3792 se
562 3732 821 3793 habent:

678 3896 704 3952 1
1397 3896 1437 3950 2
2150 3890 2187 3946 3

1936 3983 2093 4042 Acta
2118 3982 2368 4063 primum

440 4086 619 4147 Tibiis
646 4087 884 4165 paribus
1198 4084 1375 4145 Tibiis
1404 4084 1635 4144 duabus
1875 4079 2056 4139 Tibiis
2086 4078 2426 4158 imparibus,

369 4180 577 4250 dextris
600 4197 668 4246 et
697 4184 967 4246 sinistris.
1293 4181 1540 4243 dextris.
1804 4176 2019 4240 deinde
2046 4175 2277 4237 duabus
2308 4174 2554 4238 dextris·
