<?xml version="1.0" encoding="UTF-8"?>
<!DOCTYPE html PUBLIC "-//W3C//DTD XHTML 1.0 Transitional//EN"
    "http://www.w3.org/TR/xhtml1/DTD/xhtml1-transitional.dtd">
<html xmlns="http://www.w3.org/1999/xhtml" xml:lang="en" lang="en">
 <head>
  <title>
</title>
<meta http-equiv="Content-Type" content="text/html;charset=utf-8" />
  <meta name='ocr-system' content='tesseract 3.04.00' />
  <meta name='ocr-capabilities' content='ocr_page ocr_carea ocr_par ocr_line ocrx_word'/>
</head>
<body>
  <div class='ocr_page' id='page_1' title='image "./comoedisex00unkngoog_0423.png"; bbox 0 0 3050 4942; ppageno 0'>
   <div class='ocr_carea' id='block_1_1' title="bbox 948 386 2497 469">
    <p class='ocr_par' dir='ltr' id='par_1_1' title="bbox 948 386 2497 469">
     <span class='ocr_line' id='line_1_1' title="bbox 948 386 2497 469; baseline 0.007 -21"><span class='ocrx_word' id='word_1_1' title='bbox 948 395 1296 451; x_wconf 76' lang='lat' dir='ltr'><strong>mmecm</strong></span> <span class='ocrx_word' id='word_1_2' title='bbox 1344 398 1512 451; x_wconf 64' lang='lat' dir='ltr'><strong>⁶wr.</strong></span> <span class='ocrx_word' id='word_1_3' title='bbox 1545 396 1596 450; x_wconf 88' lang='lat'><strong>1.</strong></span> <span class='ocrx_word' id='word_1_4' title='bbox 1641 400 1747 454; x_wconf 72' lang='lat' dir='ltr'><strong>sc.</strong></span> <span class='ocrx_word' id='word_1_5' title='bbox 1778 403 1859 452; x_wconf 76' lang='grc' dir='ltr'><strong>ιι.</strong></span> <span class='ocrx_word' id='word_1_6' title='bbox 2118 458 2122 469; x_wconf 69' lang='grc'><em>,</em></span> <span class='ocrx_word' id='word_1_7' title='bbox 2363 386 2497 460; x_wconf 76' lang='lat'><strong>413</strong></span> 
     </span>
    </p>
   </div>
   <div class='ocr_carea' id='block_1_2' title="bbox 286 537 2495 1426">
    <p class='ocr_par' dir='ltr' id='par_1_2' title="bbox 292 537 2495 635">
     <span class='ocr_line' id='line_1_2' title="bbox 292 537 2495 635; baseline 0.006 -30"><span class='ocrx_word' id='word_1_8' title='bbox 292 537 434 607; x_wconf 81' lang='grc' dir='ltr'><strong>ΡΗ.</strong></span> <span class='ocrx_word' id='word_1_9' title='bbox 479 539 578 606; x_wconf 84' lang='lat' dir='ltr'><strong>At</strong></span> <span class='ocrx_word' id='word_1_10' title='bbox 604 560 730 626; x_wconf 87' lang='lat' dir='ltr'><strong>ego</strong></span> <span class='ocrx_word' id='word_1_11' title='bbox 758 545 1154 612; x_wconf 80' lang='lat' dir='ltr'><strong>nesciebam</strong></span> <span class='ocrx_word' id='word_1_12' title='bbox 1179 550 1500 632; x_wconf 81' lang='lat' dir='ltr'><strong>quorsum</strong></span> <span class='ocrx_word' id='word_1_13' title='bbox 1533 555 1605 614; x_wconf 88' lang='lat' dir='ltr'><strong>tu</strong></span> <span class='ocrx_word' id='word_1_14' title='bbox 1636 548 1770 614; x_wconf 81' lang='lat' dir='ltr'><strong>ires</strong></span> <span class='ocrx_word' id='word_1_15' title='bbox 1786 551 1817 615; x_wconf 68' lang='grc' dir='ltr'><strong><em>ἰ</em></strong></span> <span class='ocrx_word' id='word_1_16' title='bbox 1847 550 2133 635; x_wconf 85' lang='lat' dir='ltr'><strong>parvola</strong></span> <span class='ocrx_word' id='word_1_17' title='bbox 2406 554 2495 618; x_wconf 83' lang='lat'><strong>75</strong></span> 
     </span>
    </p>

    <p class='ocr_par' dir='ltr' id='par_1_3' title="bbox 291 642 1841 736">
     <span class='ocr_line' id='line_1_3' title="bbox 291 642 1841 736; baseline 0.005 -27"><span class='ocrx_word' id='word_1_18' title='bbox 291 642 481 710; x_wconf 89' lang='lat' dir='ltr'><strong>Hinc</strong></span> <span class='ocrx_word' id='word_1_19' title='bbox 504 652 610 710; x_wconf 85' lang='lat' dir='ltr'><strong>est</strong></span> <span class='ocrx_word' id='word_1_20' title='bbox 635 646 954 731; x_wconf 87' lang='lat' dir='ltr'><strong>abrepta:</strong></span> <span class='ocrx_word' id='word_1_21' title='bbox 1000 649 1243 716; x_wconf 81' lang='lat' dir='ltr'><strong>eduxit</strong></span> <span class='ocrx_word' id='word_1_22' title='bbox 1277 658 1490 717; x_wconf 82' lang='lat' dir='ltr'><strong>mater</strong></span> <span class='ocrx_word' id='word_1_23' title='bbox 1517 650 1641 736; x_wconf 88' lang='lat' dir='ltr'><strong>pro</strong></span> <span class='ocrx_word' id='word_1_24' title='bbox 1673 669 1841 718; x_wconf 84' lang='lat' dir='ltr'><strong>sua:</strong></span> 
     </span>
    </p>

    <p class='ocr_par' dir='ltr' id='par_1_4' title="bbox 290 747 2116 835">
     <span class='ocr_line' id='line_1_4' title="bbox 290 747 2116 835; baseline 0.003 -23"><span class='ocrx_word' id='word_1_25' title='bbox 290 747 498 812; x_wconf 87' lang='lat' dir='ltr'><strong>Soror</strong></span> <span class='ocrx_word' id='word_1_26' title='bbox 526 754 633 812; x_wconf 87' lang='lat' dir='ltr'><strong>est</strong></span> <span class='ocrx_word' id='word_1_27' title='bbox 661 747 875 815; x_wconf 87' lang='lat' dir='ltr'><strong>dicta:</strong></span> <span class='ocrx_word' id='word_1_28' title='bbox 914 752 1113 835; x_wconf 89' lang='lat' dir='ltr'><strong>cupio</strong></span> <span class='ocrx_word' id='word_1_29' title='bbox 1144 750 1616 832; x_wconf 60' lang='lat' dir='ltr'><strong>abducere-,ut</strong></span> <span class='ocrx_word' id='word_1_30' title='bbox 1639 753 1917 819; x_wconf 81' lang='lat' dir='ltr'>reddam</span> <span class='ocrx_word' id='word_1_31' title='bbox 1947 755 2116 820; x_wconf 83' lang='lat' dir='ltr'><strong>suis.</strong></span> 
     </span>
    </p>

    <p class='ocr_par' dir='ltr' id='par_1_5' title="bbox 289 848 2257 941">
     <span class='ocr_line' id='line_1_5' title="bbox 289 848 2257 941; baseline 0.005 -28"><span class='ocrx_word' id='word_1_32' title='bbox 289 848 560 932; x_wconf 89' lang='lat' dir='ltr'><strong>Nempe</strong></span> <span class='ocrx_word' id='word_1_33' title='bbox 589 850 812 916; x_wconf 83' lang='lat' dir='ltr'><strong>omnia</strong></span> <span class='ocrx_word' id='word_1_34' title='bbox 841 851 990 918; x_wconf 76' lang='lat' dir='ltr'><strong>h&#39;aec</strong></span> <span class='ocrx_word' id='word_1_35' title='bbox 1019 873 1194 919; x_wconf 89' lang='lat' dir='ltr'><strong>nunc</strong></span> <span class='ocrx_word' id='word_1_36' title='bbox 1220 856 1430 920; x_wconf 83' lang='lat' dir='ltr'><strong>verba</strong></span> <span class='ocrx_word' id='word_1_37' title='bbox 1457 856 1587 921; x_wconf 90' lang='lat' dir='ltr'><strong>huc</strong></span> <span class='ocrx_word' id='word_1_38' title='bbox 1618 856 1895 921; x_wconf 87' lang='lat' dir='ltr'><strong>redeunt</strong></span> <span class='ocrx_word' id='word_1_39' title='bbox 1921 857 2212 941; x_wconf 86' lang='lat' dir='ltr'><strong>denique</strong></span> <span class='ocrx_word' id='word_1_40' title='bbox 2236 878 2257 941; x_wconf 79' lang='lat'>3</span> 
     </span>
    </p>

    <p class='ocr_par' dir='ltr' id='par_1_6' title="bbox 286 950 1847 1040">
     <span class='ocr_line' id='line_1_6' title="bbox 286 950 1847 1040; baseline 0.004 -26"><span class='ocrx_word' id='word_1_41' title='bbox 286 950 439 1033; x_wconf 73' lang='lat' dir='ltr'><strong>Ego</strong></span> <span class='ocrx_word' id='word_1_42' title='bbox 470 951 828 1019; x_wconf 84' lang='lat' dir='ltr'><strong>excludor:</strong></span> <span class='ocrx_word' id='word_1_43' title='bbox 879 955 995 1019; x_wconf 90' lang='lat' dir='ltr'><strong>ille</strong></span> <span class='ocrx_word' id='word_1_44' title='bbox 1023 956 1378 1040; x_wconf 79' lang='lat' dir='ltr'><strong>recipitur:</strong></span> <span class='ocrx_word' id='word_1_45' title='bbox 1424 975 1563 1040; x_wconf 89' lang='lat' dir='ltr'><strong>qua</strong></span> <span class='ocrx_word' id='word_1_46' title='bbox 1587 957 1801 1040; x_wconf 84' lang='lat' dir='ltr'><strong>gratia</strong></span> <span class='ocrx_word' id='word_1_47' title='bbox 1817 960 1847 1021; x_wconf 71' lang='lat' dir='ltr'><strong>&#39;l</strong></span> 
     </span>
    </p>

    <p class='ocr_par' dir='ltr' id='par_1_7' title="bbox 289 1052 2495 1142">
     <span class='ocr_line' id='line_1_7' title="bbox 289 1052 2495 1142; baseline 0.005 -25"><span class='ocrx_word' id='word_1_48' title='bbox 289 1052 455 1118; x_wconf 85' lang='lat' dir='ltr'><strong>Nisi</strong></span> <span class='ocrx_word' id='word_1_49' title='bbox 481 1052 669 1120; x_wconf 88' lang='lat' dir='ltr'><strong>illum</strong></span> <span class='ocrx_word' id='word_1_50' title='bbox 698 1052 856 1139; x_wconf 84' lang='lat' dir='ltr'><strong>plus</strong></span> <span class='ocrx_word' id='word_1_51' title='bbox 885 1063 1101 1136; x_wconf 73' lang='lat' dir='ltr'><strong>aniaS,</strong></span> <span class='ocrx_word' id='word_1_52' title='bbox 1131 1078 1334 1142; x_wconf 90' lang='lat' dir='ltr'><strong>quam</strong></span> <span class='ocrx_word' id='word_1_53' title='bbox 1362 1078 1509 1124; x_wconf 82' lang='lat' dir='ltr'><strong>me:</strong></span> <span class='ocrx_word' id='word_1_54' title='bbox 1540 1066 1605 1125; x_wconf 90' lang='lat' dir='ltr'><strong>et</strong></span> <span class='ocrx_word' id='word_1_55' title='bbox 1630 1061 1828 1126; x_wconf 86' lang='lat' dir='ltr'><strong>istam</strong></span> <span class='ocrx_word' id='word_1_56' title='bbox 1856 1079 2027 1126; x_wconf 89' lang='lat' dir='ltr'><strong>nunc</strong></span> <span class='ocrx_word' id='word_1_57' title='bbox 2056 1056 2278 1140; x_wconf 56' lang='lat' dir='ltr'><strong>times»,</strong></span> <span class='ocrx_word' id='word_1_58' title='bbox 2407 1062 2495 1128; x_wconf 81' lang='lat'><strong>80</strong></span> 
     </span>
    </p>

    <p class='ocr_par' dir='ltr' id='par_1_8' title="bbox 289 1152 2061 1247">
     <span class='ocr_line' id='line_1_8' title="bbox 289 1152 2061 1247; baseline 0.005 -29"><span class='ocrx_word' id='word_1_59' title='bbox 289 1152 467 1232; x_wconf 84' lang='lat' dir='ltr'><strong>Quae</strong></span> <span class='ocrx_word' id='word_1_60' title='bbox 498 1155 786 1223; x_wconf 80' lang='lat' dir='ltr'><strong>advecta</strong></span> <span class='ocrx_word' id='word_1_61' title='bbox 815 1163 941 1236; x_wconf 83' lang='lat' dir='ltr'><strong>est,</strong></span> <span class='ocrx_word' id='word_1_62' title='bbox 969 1177 1056 1223; x_wconf 88' lang='lat' dir='ltr'><strong>ne</strong></span> <span class='ocrx_word' id='word_1_63' title='bbox 1087 1158 1277 1227; x_wconf 90' lang='lat' dir='ltr'><strong>illum</strong></span> <span class='ocrx_word' id='word_1_64' title='bbox 1305 1160 1509 1226; x_wconf 88' lang='lat' dir='ltr'><strong>talem</strong></span> <span class='ocrx_word' id='word_1_65' title='bbox 1540 1162 1885 1247; x_wconf 76' lang='lat' dir='ltr'><strong>praeripiat</strong></span> <span class='ocrx_word' id='word_1_66' title='bbox 1920 1162 2061 1228; x_wconf 89' lang='lat' dir='ltr'><strong>tibi.</strong></span> 
     </span>
    </p>

    <p class='ocr_par' dir='ltr' id='par_1_9' title="bbox 287 1255 2491 1426">
     <span class='ocr_line' id='line_1_9' title="bbox 287 1255 2491 1353; baseline 0.004 -33"><span class='ocrx_word' id='word_1_67' title='bbox 287 1257 433 1322; x_wconf 82' lang='grc' dir='ltr'><strong>ΤΗ.</strong></span> <span class='ocrx_word' id='word_1_68' title='bbox 476 1255 689 1353; x_wconf 81' lang='lat' dir='ltr'><strong>Egon’</strong></span> <span class='ocrx_word' id='word_1_69' title='bbox 718 1259 790 1323; x_wconf 90' lang='lat' dir='ltr'><strong>id</strong></span> <span class='ocrx_word' id='word_1_70' title='bbox 832 1261 1087 1324; x_wconf 66' lang='lat' dir='ltr'><strong>timeo?</strong></span> <span class='ocrx_word' id='word_1_71' title='bbox 1179 1261 1317 1325; x_wconf 82' lang='grc' dir='ltr'><strong>ΡΗ.</strong></span> <span class='ocrx_word' id='word_1_72' title='bbox 1385 1259 1574 1340; x_wconf 80' lang='lat' dir='ltr'><strong>Quid</strong></span> <span class='ocrx_word' id='word_1_73' title='bbox 1604 1271 1669 1328; x_wconf 90' lang='lat' dir='ltr'><strong>te</strong></span> <span class='ocrx_word' id='word_1_74' title='bbox 1709 1265 2095 1347; x_wconf 78' lang='lat' dir='ltr'><strong>erg&#39;oaliud</strong></span> <span class='ocrx_word' id='word_1_75' title='bbox 2146 1264 2491 1329; x_wconf 67' lang='lat' dir='ltr'><strong>solicitat?</strong></span> 
     </span>
     <span class='ocr_line' id='line_1_10' title="bbox 551 1359 745 1426; baseline -0.01 0"><span class='ocrx_word' id='word_1_76' title='bbox 551 1359 745 1426; x_wconf 89' lang='lat' dir='ltr'><strong>cedo.</strong></span> 
     </span>
    </p>
   </div>
   <div class='ocr_carea' id='block_1_3' title="bbox 288 1461 2498 1754">
    <p class='ocr_par' dir='ltr' id='par_1_10' title="bbox 288 1461 2498 1754">
     <span class='ocr_line' id='line_1_11' title="bbox 291 1461 1818 1531; baseline 0.003 -6"><span class='ocrx_word' id='word_1_77' title='bbox 291 1461 476 1526; x_wconf 88' lang='lat' dir='ltr'><strong>Num</strong></span> <span class='ocrx_word' id='word_1_78' title='bbox 507 1463 695 1527; x_wconf 85' lang='lat' dir='ltr'><strong>solus</strong></span> <span class='ocrx_word' id='word_1_79' title='bbox 723 1463 837 1528; x_wconf 89' lang='lat' dir='ltr'><strong>ille</strong></span> <span class='ocrx_word' id='word_1_80' title='bbox 866 1463 1046 1531; x_wconf 89' lang='lat' dir='ltr'><strong>dona</strong></span> <span class='ocrx_word' id='word_1_81' title='bbox 1074 1464 1240 1529; x_wconf 74' lang='lat' dir='ltr'><strong>dat‘l</strong></span> <span class='ocrx_word' id='word_1_82' title='bbox 1280 1466 1570 1531; x_wconf 86' lang='lat' dir='ltr'><strong>nuncubi</strong></span> <span class='ocrx_word' id='word_1_83' title='bbox 1601 1485 1818 1530; x_wconf 89' lang='lat' dir='ltr'><strong>meam</strong></span> 
     </span>
     <span class='ocr_line' id='line_1_12' title="bbox 291 1563 1680 1647; baseline 0.004 -20"><span class='ocrx_word' id='word_1_84' title='bbox 291 1563 791 1647; x_wconf 81' lang='lat' dir='ltr'><strong>Benignitatem</strong></span> <span class='ocrx_word' id='word_1_85' title='bbox 822 1567 1093 1631; x_wconf 88' lang='lat' dir='ltr'><strong>sensisti</strong></span> <span class='ocrx_word' id='word_1_86' title='bbox 1124 1567 1194 1630; x_wconf 91' lang='lat' dir='ltr'><strong>in</strong></span> <span class='ocrx_word' id='word_1_87' title='bbox 1225 1574 1296 1632; x_wconf 86' lang='lat' dir='ltr'><strong>te</strong></span> <span class='ocrx_word' id='word_1_88' title='bbox 1324 1567 1628 1633; x_wconf 79' lang='lat' dir='ltr'><strong>claudier</strong></span> <span class='ocrx_word' id='word_1_89' title='bbox 1649 1570 1680 1633; x_wconf 69' lang='lat' dir='ltr'><strong>‘l</strong></span> 
     </span>
     <span class='ocr_line' id='line_1_13' title="bbox 288 1663 2498 1754; baseline 0.002 -22"><span class='ocrx_word' id='word_1_90' title='bbox 288 1663 561 1745; x_wconf 86' lang='lat' dir='ltr'><strong>Nonne,</strong></span> <span class='ocrx_word' id='word_1_91' title='bbox 592 1669 708 1733; x_wconf 92' lang='lat' dir='ltr'><strong>ubi</strong></span> <span class='ocrx_word' id='word_1_92' title='bbox 738 1669 899 1734; x_wconf 87' lang='lat' dir='ltr'><strong>mihi</strong></span> <span class='ocrx_word' id='word_1_93' title='bbox 931 1668 1104 1733; x_wconf 84' lang='lat' dir='ltr'><strong>dixti</strong></span> <span class='ocrx_word' id='word_1_94' title='bbox 1136 1688 1377 1753; x_wconf 89' lang='lat' dir='ltr'><strong>cupere</strong></span> <span class='ocrx_word' id='word_1_95' title='bbox 1407 1676 1473 1734; x_wconf 90' lang='lat' dir='ltr'><strong>te</strong></span> <span class='ocrx_word' id='word_1_96' title='bbox 1497 1689 1594 1734; x_wconf 87' lang='lat' dir='ltr'><strong>ex</strong></span> <span class='ocrx_word' id='word_1_97' title='bbox 1626 1668 1976 1754; x_wconf 77' lang='lat' dir='ltr'><strong>AEthiopia</strong></span> <span class='ocrx_word' id='word_1_98' title='bbox 2410 1670 2498 1736; x_wconf 71' lang='lat'><strong>86</strong></span> 
     </span>
    </p>
   </div>
   <div class='ocr_carea' id='block_1_4' title="bbox 285 1852 2504 2372">
    <p class='ocr_par' dir='ltr' id='par_1_11' title="bbox 285 1852 2504 2372">
     <span class='ocr_line' id='line_1_14' title="bbox 288 1852 2499 1919; baseline 0.002 -17"><span class='ocrx_word' id='word_1_99' title='bbox 288 1853 470 1903; x_wconf 61' lang='lat' dir='ltr'><strong>vocas&amp;</strong></span> <span class='ocrx_word' id='word_1_100' title='bbox 483 1869 499 1901; x_wconf 89' lang='lat'><strong>.·</strong></span> <span class='ocrx_word' id='word_1_101' title='bbox 517 1852 626 1919; x_wconf 73' lang='lat' dir='ltr'><strong>jam</strong></span> <span class='ocrx_word' id='word_1_102' title='bbox 661 1853 740 1903; x_wconf 79' lang='lat' dir='ltr'><strong>eir</strong></span> <span class='ocrx_word' id='word_1_103' title='bbox 776 1869 841 1904; x_wconf 74' lang='lat' dir='ltr'><strong>ea.</strong></span> <span class='ocrx_word' id='word_1_104' title='bbox 909 1855 1023 1904; x_wconf 74' lang='grc' dir='ltr'><strong>ΡΗ.</strong></span> <span class='ocrx_word' id='word_1_105' title='bbox 1056 1856 1127 1905; x_wconf 81' lang='lat' dir='ltr'><strong>At</strong></span> <span class='ocrx_word' id='word_1_106' title='bbox 1163 1870 1251 1916; x_wconf 84' lang='lat' dir='ltr'><strong>ego</strong></span> <span class='ocrx_word' id='word_1_107' title='bbox 1283 1854 1562 1918; x_wconf 70' lang='lat' dir='ltr'><strong>nesciebam,</strong></span> <span class='ocrx_word' id='word_1_108' title='bbox 1598 1870 1688 1919; x_wconf 81' lang='lat' dir='ltr'><strong>quo</strong></span> <span class='ocrx_word' id='word_1_109' title='bbox 1727 1860 1963 1918; x_wconf 72' lang='lat' dir='ltr'><strong>spectaret</strong></span> <span class='ocrx_word' id='word_1_110' title='bbox 1996 1860 2080 1904; x_wconf 77' lang='lat' dir='ltr'><strong>tua</strong></span> <span class='ocrx_word' id='word_1_111' title='bbox 2116 1868 2281 1918; x_wconf 82' lang='lat' dir='ltr'><strong>nempe</strong></span> <span class='ocrx_word' id='word_1_112' title='bbox 2314 1852 2499 1907; x_wconf 71' lang='lat' dir='ltr'><strong>oratio:</strong></span> 
     </span>
     <span class='ocr_line' id='line_1_15' title="bbox 285 1919 2498 1984; baseline 0.002 -18"><span class='ocrx_word' id='word_1_113' title='bbox 285 1919 487 1980; x_wconf 76' lang='lat' dir='ltr'><strong>parvula</strong></span> <span class='ocrx_word' id='word_1_114' title='bbox 504 1933 529 1966; x_wconf 92' lang='lat' dir='ltr'><strong>e</strong></span> <span class='ocrx_word' id='word_1_115' title='bbox 548 1919 698 1967; x_wconf 81' lang='lat' dir='ltr'><strong>Sunio</strong></span> <span class='ocrx_word' id='word_1_116' title='bbox 719 1925 786 1968; x_wconf 74' lang='lat' dir='ltr'><strong>eet</strong></span> <span class='ocrx_word' id='word_1_117' title='bbox 808 1919 1028 1983; x_wconf 82' lang='lat' dir='ltr'><strong>abrepta.-</strong></span> <span class='ocrx_word' id='word_1_118' title='bbox 1062 1923 1280 1970; x_wconf 78' lang='lat' dir='ltr'><strong>educavit</strong></span> <span class='ocrx_word' id='word_1_119' title='bbox 1301 1925 1453 1967; x_wconf 81' lang='lat' dir='ltr'><strong>mater</strong></span> <span class='ocrx_word' id='word_1_120' title='bbox 1473 1935 1575 1968; x_wconf 86' lang='lat' dir='ltr'><strong>eam</strong></span> <span class='ocrx_word' id='word_1_121' title='bbox 1594 1934 1680 1982; x_wconf 84' lang='lat' dir='ltr'><strong>pro</strong></span> <span class='ocrx_word' id='word_1_122' title='bbox 1699 1919 1927 1984; x_wconf 75' lang='lat' dir='ltr'><strong>anafilia.</strong></span> <span class='ocrx_word' id='word_1_123' title='bbox 1992 1921 2135 1968; x_wconf 80' lang='lat' dir='ltr'><strong>Soror</strong></span> <span class='ocrx_word' id='word_1_124' title='bbox 2158 1934 2259 1968; x_wconf 86' lang='lat' dir='ltr'><strong>mea</strong></span> <span class='ocrx_word' id='word_1_125' title='bbox 2288 1921 2498 1970; x_wconf 82' lang='lat' dir='ltr'><strong>nomina-</strong></span> 
     </span>
     <span class='ocr_line' id='line_1_16' title="bbox 290 1983 2499 2045; baseline 0.001 -14"><span class='ocrx_word' id='word_1_126' title='bbox 290 1987 343 2031; x_wconf 82' lang='lat' dir='ltr'><strong>ta</strong></span> <span class='ocrx_word' id='word_1_127' title='bbox 363 1987 466 2032; x_wconf 74' lang='lat' dir='ltr'><strong>eet:</strong></span> <span class='ocrx_word' id='word_1_128' title='bbox 499 1983 635 2045; x_wconf 72' lang='lat' dir='ltr'><strong>cupio</strong></span> <span class='ocrx_word' id='word_1_129' title='bbox 655 1983 883 2033; x_wconf 80' lang='lat' dir='ltr'><strong>abducere</strong></span> <span class='ocrx_word' id='word_1_130' title='bbox 901 1989 956 2033; x_wconf 78' lang='lat' dir='ltr'><strong>nt</strong></span> <span class='ocrx_word' id='word_1_131' title='bbox 975 1987 1172 2034; x_wconf 84' lang='lat' dir='ltr'><strong>reddam</strong></span> <span class='ocrx_word' id='word_1_132' title='bbox 1198 1984 1315 2033; x_wconf 70' lang='lat' dir='ltr'><strong>suia.</strong></span> <span class='ocrx_word' id='word_1_133' title='bbox 1380 1984 1578 2033; x_wconf 78' lang='lat' dir='ltr'><strong>Scilicet</strong></span> <span class='ocrx_word' id='word_1_134' title='bbox 1600 1984 1758 2033; x_wconf 83' lang='lat' dir='ltr'><strong>omnia</strong></span> <span class='ocrx_word' id='word_1_135' title='bbox 1778 1985 1879 2033; x_wconf 80' lang='lat' dir='ltr'><strong>hoec</strong></span> <span class='ocrx_word' id='word_1_136' title='bbox 1895 1985 2036 2033; x_wconf 78' lang='lat' dir='ltr'><strong>verba</strong></span> <span class='ocrx_word' id='word_1_137' title='bbox 2056 1985 2109 2032; x_wconf 84' lang='lat' dir='ltr'><strong>in</strong></span> <span class='ocrx_word' id='word_1_138' title='bbox 2138 1986 2259 2034; x_wconf 74' lang='lat' dir='ltr'><strong>hanc</strong></span> <span class='ocrx_word' id='word_1_139' title='bbox 2273 1998 2499 2034; x_wconf 77' lang='lat' dir='ltr'><strong>summam</strong></span> 
     </span>
     <span class='ocr_line' id='line_1_17' title="bbox 287 2046 2500 2112; baseline 0.001 -17"><span class='ocrx_word' id='word_1_140' title='bbox 287 2061 415 2096; x_wconf 75' lang='lat' dir='ltr'><strong>nnnc</strong></span> <span class='ocrx_word' id='word_1_141' title='bbox 434 2047 728 2110; x_wconf 78' lang='lat' dir='ltr'><strong>conveniunt,</strong></span> <span class='ocrx_word' id='word_1_142' title='bbox 758 2053 810 2097; x_wconf 76' lang='lat' dir='ltr'><strong>ut</strong></span> <span class='ocrx_word' id='word_1_143' title='bbox 850 2050 1095 2110; x_wconf 79' lang='lat' dir='ltr'><strong>excludar,</strong></span> <span class='ocrx_word' id='word_1_144' title='bbox 1131 2048 1265 2098; x_wconf 74' lang='lat' dir='ltr'><strong>miles</strong></span> <span class='ocrx_word' id='word_1_145' title='bbox 1300 2046 1381 2097; x_wconf 79' lang='lat' dir='ltr'><strong>ille</strong></span> <span class='ocrx_word' id='word_1_146' title='bbox 1416 2049 1718 2098; x_wconf 79' lang='lat' dir='ltr'><strong>admittatur.</strong></span> <span class='ocrx_word' id='word_1_147' title='bbox 1791 2049 1940 2111; x_wconf 71' lang='lat' dir='ltr'><strong>Cnjue</strong></span> <span class='ocrx_word' id='word_1_148' title='bbox 1973 2049 2044 2098; x_wconf 82' lang='lat' dir='ltr'><strong>rei</strong></span> <span class='ocrx_word' id='word_1_149' title='bbox 2074 2063 2231 2110; x_wconf 73' lang='lat' dir='ltr'><strong>causa,</strong></span> <span class='ocrx_word' id='word_1_150' title='bbox 2261 2049 2355 2098; x_wconf 73' lang='lat' dir='ltr'><strong>nisi</strong></span> <span class='ocrx_word' id='word_1_151' title='bbox 2375 2052 2500 2112; x_wconf 74' lang='lat' dir='ltr'><strong>quod</strong></span> 
     </span>
     <span class='ocr_line' id='line_1_18' title="bbox 287 2110 2501 2176; baseline 0.001 -17"><span class='ocrx_word' id='word_1_152' title='bbox 287 2110 424 2160; x_wconf 81' lang='lat' dir='ltr'><strong>illum</strong></span> <span class='ocrx_word' id='word_1_153' title='bbox 444 2121 590 2174; x_wconf 81' lang='lat' dir='ltr'><strong>quam&#39;</strong></span> <span class='ocrx_word' id='word_1_154' title='bbox 604 2127 676 2161; x_wconf 89' lang='lat' dir='ltr'><strong>me</strong></span> <span class='ocrx_word' id='word_1_155' title='bbox 696 2115 924 2162; x_wconf 83' lang='lat' dir='ltr'><strong>cariorem</strong></span> <span class='ocrx_word' id='word_1_156' title='bbox 943 2114 1106 2173; x_wconf 77' lang='lat' dir='ltr'><strong>habes,</strong></span> <span class='ocrx_word' id='word_1_157' title='bbox 1139 2112 1397 2174; x_wconf 72' lang='lat' dir='ltr'><strong>metuisque</strong></span> <span class='ocrx_word' id='word_1_158' title='bbox 1416 2128 1476 2162; x_wconf 90' lang='lat' dir='ltr'><strong>ne</strong></span> <span class='ocrx_word' id='word_1_159' title='bbox 1494 2113 1773 2174; x_wconf 78' lang='lat' dir='ltr'><strong>Pamphila,</strong></span> <span class='ocrx_word' id='word_1_160' title='bbox 1790 2128 1928 2176; x_wconf 81' lang='lat' dir='ltr'><strong>quam</strong></span> <span class='ocrx_word' id='word_1_161' title='bbox 1943 2129 1974 2162; x_wconf 85' lang='lat' dir='ltr'><strong>a</strong></span> <span class='ocrx_word' id='word_1_162' title='bbox 1999 2112 2237 2162; x_wconf 74' lang='lat' dir='ltr'><strong>Thrasone</strong></span> <span class='ocrx_word' id='word_1_163' title='bbox 2256 2114 2501 2176; x_wconf 68' lang='lat' dir='ltr'><strong>recepisti,</strong></span> 
     </span>
     <span class='ocr_line' id='line_1_19' title="bbox 288 2174 2498 2240; baseline 0.001 -15"><span class='ocrx_word' id='word_1_164' title='bbox 288 2191 394 2225; x_wconf 73' lang='lat' dir='ltr'><strong>eum</strong></span> <span class='ocrx_word' id='word_1_165' title='bbox 415 2177 506 2225; x_wconf 82' lang='lat' dir='ltr'><strong>tibi</strong></span> <span class='ocrx_word' id='word_1_166' title='bbox 540 2176 856 2240; x_wconf 79' lang='lat' dir='ltr'><strong>intercipiat?</strong></span> <span class='ocrx_word' id='word_1_167' title='bbox 915 2179 1020 2228; x_wconf 76' lang='lat' dir='ltr'><strong>Tu.</strong></span> <span class='ocrx_word' id='word_1_168' title='bbox 1055 2180 1222 2240; x_wconf 81' lang='lat' dir='ltr'><strong>Egone</strong></span> <span class='ocrx_word' id='word_1_169' title='bbox 1260 2177 1310 2225; x_wconf 83' lang='lat' dir='ltr'><strong>id</strong></span> <span class='ocrx_word' id='word_1_170' title='bbox 1347 2174 1530 2227; x_wconf 72' lang='lat' dir='ltr'><strong>timeo?</strong></span> <span class='ocrx_word' id='word_1_171' title='bbox 1595 2177 1705 2227; x_wconf 75' lang='lat' dir='ltr'><strong>Pu.</strong></span> <span class='ocrx_word' id='word_1_172' title='bbox 1746 2177 1878 2234; x_wconf 81' lang='lat' dir='ltr'><strong>Quid</strong></span> <span class='ocrx_word' id='word_1_173' title='bbox 1908 2193 2022 2239; x_wconf 79' lang='lat' dir='ltr'><strong>ergo</strong></span> <span class='ocrx_word' id='word_1_174' title='bbox 2044 2183 2092 2228; x_wconf 90' lang='lat' dir='ltr'><strong>te</strong></span> <span class='ocrx_word' id='word_1_175' title='bbox 2121 2177 2295 2228; x_wconf 82' lang='lat' dir='ltr'><strong>incitat</strong></span> <span class='ocrx_word' id='word_1_176' title='bbox 2328 2179 2392 2227; x_wconf 81' lang='lat' dir='ltr'><strong>ad</strong></span> <span class='ocrx_word' id='word_1_177' title='bbox 2412 2179 2498 2227; x_wconf 77' lang='lat' dir='ltr'><strong>hoc</strong></span> 
     </span>
     <span class='ocr_line' id='line_1_20' title="bbox 285 2238 2498 2305; baseline -0.001 -12"><span class='ocrx_word' id='word_1_178' title='bbox 285 2239 554 2293; x_wconf 75' lang='lat' dir='ltr'><strong>faciendum</strong></span> <span class='ocrx_word' id='word_1_179' title='bbox 570 2238 596 2290; x_wconf 74' lang='lat'><strong>:²</strong></span> <span class='ocrx_word' id='word_1_180' title='bbox 626 2243 844 2304; x_wconf 72' lang='lat' dir='ltr'><strong>Expone.</strong></span> <span class='ocrx_word' id='word_1_181' title='bbox 915 2243 1046 2292; x_wconf 79' lang='lat' dir='ltr'><strong>Num</strong></span> <span class='ocrx_word' id='word_1_182' title='bbox 1063 2246 1186 2292; x_wconf 73' lang='lat' dir='ltr'><strong>solue</strong></span> <span class='ocrx_word' id='word_1_183' title='bbox 1203 2242 1284 2290; x_wconf 76' lang='lat' dir='ltr'><strong>ille</strong></span> <span class='ocrx_word' id='word_1_184' title='bbox 1303 2241 1394 2290; x_wconf 86' lang='lat' dir='ltr'><strong>tibi</strong></span> <span class='ocrx_word' id='word_1_185' title='bbox 1414 2244 1559 2291; x_wconf 80' lang='lat' dir='ltr'><strong>donat</strong></span> <span class='ocrx_word' id='word_1_186' title='bbox 1574 2238 1600 2292; x_wconf 62' lang='grc' dir='ltr'><strong>ί)</strong></span> <span class='ocrx_word' id='word_1_187' title='bbox 1636 2242 1879 2305; x_wconf 79' lang='lat' dir='ltr'><strong>Numquid</strong></span> <span class='ocrx_word' id='word_1_188' title='bbox 1902 2242 2076 2291; x_wconf 81' lang='lat' dir='ltr'><strong>alicubi</strong></span> <span class='ocrx_word' id='word_1_189' title='bbox 2106 2258 2258 2292; x_wconf 87' lang='lat' dir='ltr'><strong>meam</strong></span> <span class='ocrx_word' id='word_1_190' title='bbox 2290 2242 2498 2292; x_wconf 81' lang='lat' dir='ltr'><strong>liberali-</strong></span> 
     </span>
     <span class='ocr_line' id='line_1_21' title="bbox 289 2305 2504 2372; baseline 0.001 -18"><span class='ocrx_word' id='word_1_191' title='bbox 289 2309 439 2355; x_wconf 79' lang='lat' dir='ltr'><strong>tatem</strong></span> <span class='ocrx_word' id='word_1_192' title='bbox 459 2305 627 2356; x_wconf 74' lang='lat' dir='ltr'><strong>vidisti</strong></span> <span class='ocrx_word' id='word_1_193' title='bbox 657 2307 749 2356; x_wconf 80' lang='lat' dir='ltr'><strong>tibi</strong></span> <span class='ocrx_word' id='word_1_194' title='bbox 779 2306 1050 2370; x_wconf 78' lang='lat' dir='ltr'><strong>proecludi?</strong></span> <span class='ocrx_word' id='word_1_195' title='bbox 1080 2322 1249 2365; x_wconf 86' lang='lat' dir='ltr'><strong>nonne,</strong></span> <span class='ocrx_word' id='word_1_196' title='bbox 1271 2306 1439 2355; x_wconf 72' lang='lat' dir='ltr'><strong>statim</strong></span> <span class='ocrx_word' id='word_1_197' title='bbox 1457 2311 1598 2371; x_wconf 76' lang='lat' dir='ltr'><strong>atque</strong></span> <span class='ocrx_word' id='word_1_198' title='bbox 1619 2307 1736 2356; x_wconf 74' lang='lat' dir='ltr'><strong>mihi</strong></span> <span class='ocrx_word' id='word_1_199' title='bbox 1756 2307 2045 2372; x_wconf 68' lang='lat' dir='ltr'><strong>significasti</strong></span> <span class='ocrx_word' id='word_1_200' title='bbox 2067 2321 2232 2371; x_wconf 78' lang='lat' dir='ltr'><strong>cupere</strong></span> <span class='ocrx_word' id='word_1_201' title='bbox 2253 2311 2300 2357; x_wconf 83' lang='lat' dir='ltr'><strong>te</strong></span> <span class='ocrx_word' id='word_1_202' title='bbox 2316 2322 2504 2363; x_wconf 75' lang='lat' dir='ltr'><strong>servam</strong></span> 
     </span>
    </p>
   </div>
   <div class='ocr_carea' id='block_1_5' title="bbox 1210 2451 1574 2474">
    <p class='ocr_par' dir='ltr' id='par_1_12' title="bbox 1210 2451 1574 2474">
     <span class='ocr_line' id='line_1_22' title="bbox 1210 2451 1574 2474; baseline 0.003 -3"><span class='ocrx_word' id='word_1_203' title='bbox 1210 2451 1574 2474; x_wconf 54' lang='grc' dir='ltr'><strong>ΝΜΟ</strong></span> 
     </span>
    </p>
   </div>
   <div class='ocr_carea' id='block_1_6' title="bbox 248 2548 2508 4089">
    <p class='ocr_par' dir='ltr' id='par_1_13' title="bbox 248 2548 2508 4089">
     <span class='ocr_line' id='line_1_23' title="bbox 290 2548 2503 2615; baseline 0 -18"><span class='ocrx_word' id='word_1_204' title='bbox 290 2548 383 2598; x_wconf 89' lang='lat' dir='ltr'><strong>Br.</strong></span> <span class='ocrx_word' id='word_1_205' title='bbox 417 2549 491 2598; x_wconf 80' lang='lat' dir='ltr'><strong>Eu</strong></span> <span class='ocrx_word' id='word_1_206' title='bbox 511 2553 673 2599; x_wconf 74' lang='lat' dir='ltr'><strong>noster</strong></span> <span class='ocrx_word' id='word_1_207' title='bbox 694 2550 864 2600; x_wconf 74' lang='lat' dir='ltr'><strong>lando.-</strong></span> <span class='ocrx_word' id='word_1_208' title='bbox 899 2550 1236 2602; x_wconf 62' lang='lat' dir='ltr'><strong>tandem—75</strong></span> <span class='ocrx_word' id='word_1_209' title='bbox 1273 2553 1491 2602; x_wconf 78' lang='lat' dir='ltr'><strong>variant</strong></span> <span class='ocrx_word' id='word_1_210' title='bbox 1524 2552 1654 2601; x_wconf 73' lang='lat' dir='ltr'><strong>Mas.</strong></span> <span class='ocrx_word' id='word_1_211' title='bbox 1686 2551 1838 2601; x_wconf 88' lang='lat' dir='ltr'><strong>codd.</strong></span> <span class='ocrx_word' id='word_1_212' title='bbox 1880 2557 1936 2600; x_wconf 87' lang='lat' dir='ltr'><strong>et</strong></span> <span class='ocrx_word' id='word_1_213' title='bbox 1969 2549 2227 2614; x_wconf 85' lang='lat' dir='ltr'><strong>impressi,</strong></span> <span class='ocrx_word' id='word_1_214' title='bbox 2259 2551 2312 2600; x_wconf 91' lang='lat' dir='ltr'><strong>in</strong></span> <span class='ocrx_word' id='word_1_215' title='bbox 2337 2550 2503 2615; x_wconf 83' lang='lat' dir='ltr'><strong>prima</strong></span> 
     </span>
     <span class='ocr_line' id='line_1_24' title="bbox 288 2614 2501 2679; baseline 0.001 -19"><span class='ocrx_word' id='word_1_216' title='bbox 288 2626 441 2662; x_wconf 77' lang='lat' dir='ltr'><strong>voce.</strong></span> <span class='ocrx_word' id='word_1_217' title='bbox 495 2614 679 2663; x_wconf 77' lang='lat' dir='ltr'><strong>Eeidd.</strong></span> <span class='ocrx_word' id='word_1_218' title='bbox 704 2614 806 2663; x_wconf 91' lang='lat' dir='ltr'><strong>duo</strong></span> <span class='ocrx_word' id='word_1_219' title='bbox 829 2629 946 2665; x_wconf 89' lang='lat' dir='ltr'><strong>cum</strong></span> <span class='ocrx_word' id='word_1_220' title='bbox 970 2616 1121 2666; x_wconf 85' lang='lat' dir='ltr'><strong>Bodl.</strong></span> <span class='ocrx_word' id='word_1_221' title='bbox 1145 2617 1264 2679; x_wconf 59' lang='grc' dir='ltr'><strong>[ΒΓ.</strong></span> <span class='ocrx_word' id='word_1_222' title='bbox 1286 2616 1463 2668; x_wconf 78' lang='lat' dir='ltr'><strong>Gueif.</strong></span> <span class='ocrx_word' id='word_1_223' title='bbox 1489 2615 1567 2679; x_wconf 80' lang='grc'><strong>3.]</strong></span> <span class='ocrx_word' id='word_1_224' title='bbox 1590 2617 1788 2677; x_wconf 73' lang='lat' dir='ltr'><strong>legunt,</strong></span> <span class='ocrx_word' id='word_1_225' title='bbox 1821 2615 1927 2664; x_wconf 80' lang='lat' dir='ltr'><strong>Aut</strong></span> <span class='ocrx_word' id='word_1_226' title='bbox 1949 2630 2035 2676; x_wconf 80' lang='lat' dir='ltr'><strong>ego</strong></span> <span class='ocrx_word' id='word_1_227' title='bbox 2059 2631 2112 2664; x_wconf 88' lang='lat' dir='ltr'><strong>n.</strong></span> <span class='ocrx_word' id='word_1_228' title='bbox 2138 2614 2343 2679; x_wconf 87' lang='lat' dir='ltr'><strong>quando</strong></span> <span class='ocrx_word' id='word_1_229' title='bbox 2379 2629 2501 2665; x_wconf 89' lang='lat' dir='ltr'><strong>con-</strong></span> 
     </span>
     <span class='ocr_line' id='line_1_25' title="bbox 290 2677 2503 2745; baseline 0.001 -20"><span class='ocrx_word' id='word_1_230' title='bbox 290 2678 440 2726; x_wconf 82' lang='lat' dir='ltr'><strong>tinua</strong></span> <span class='ocrx_word' id='word_1_231' title='bbox 476 2678 577 2727; x_wconf 85' lang='lat' dir='ltr'><strong>erit</strong></span> <span class='ocrx_word' id='word_1_232' title='bbox 617 2679 875 2729; x_wconf 74' lang='lat' dir='ltr'><strong>Phaedriae</strong></span> <span class='ocrx_word' id='word_1_233' title='bbox 912 2681 1095 2743; x_wconf 84' lang='lat' dir='ltr'><strong>oratio,</strong></span> <span class='ocrx_word' id='word_1_234' title='bbox 1127 2695 1242 2729; x_wconf 90' lang='lat' dir='ltr'><strong>cum</strong></span> <span class='ocrx_word' id='word_1_235' title='bbox 1269 2683 1418 2745; x_wconf 79' lang='lat' dir='ltr'><strong>signo</strong></span> <span class='ocrx_word' id='word_1_236' title='bbox 1439 2679 1795 2743; x_wconf 84' lang='lat' dir='ltr'><strong>interrogandi</strong></span> <span class='ocrx_word' id='word_1_237' title='bbox 1820 2679 2174 2742; x_wconf 85' lang='lat' dir='ltr'><strong>exprimenda,</strong></span> <span class='ocrx_word' id='word_1_238' title='bbox 2249 2679 2347 2728; x_wconf 89' lang='lat' dir='ltr'><strong>uod</strong></span> <span class='ocrx_word' id='word_1_239' title='bbox 2370 2677 2503 2728; x_wconf 83' lang='lat' dir='ltr'><strong>facit</strong></span> 
     </span>
     <span class='ocr_line' id='line_1_26' title="bbox 289 2694 2243 2809; baseline 0 -18"><span class='ocrx_word' id='word_1_240' title='bbox 289 2743 353 2791; x_wconf 78' lang='lat' dir='ltr'><strong>Li</strong></span> <span class='ocrx_word' id='word_1_241' title='bbox 399 2757 442 2793; x_wconf 76' lang='lat' dir='ltr'><strong>s.</strong></span> <span class='ocrx_word' id='word_1_242' title='bbox 464 2742 612 2792; x_wconf 85' lang='lat' dir='ltr'><strong>Leid.</strong></span> <span class='ocrx_word' id='word_1_243' title='bbox 639 2759 789 2807; x_wconf 79' lang='lat' dir='ltr'><strong>nnus,</strong></span> <span class='ocrx_word' id='word_1_244' title='bbox 813 2745 964 2794; x_wconf 75' lang='lat' dir='ltr'><strong>Haud</strong></span> <span class='ocrx_word' id='word_1_245' title='bbox 983 2760 1026 2794; x_wconf 90' lang='lat' dir='ltr'><strong>e.</strong></span> <span class='ocrx_word' id='word_1_246' title='bbox 1060 2760 1111 2794; x_wconf 88' lang='lat' dir='ltr'><strong>n.</strong></span> <span class='ocrx_word' id='word_1_247' title='bbox 1145 2747 1280 2809; x_wconf 84' lang='lat' dir='ltr'><strong>quod</strong></span> <span class='ocrx_word' id='word_1_248' title='bbox 1308 2746 1396 2796; x_wconf 85' lang='lat' dir='ltr'><strong>Fa.</strong></span> <span class='ocrx_word' id='word_1_249' title='bbox 1420 2751 1613 2795; x_wconf 85' lang='lat' dir='ltr'><strong>tuetur.</strong></span> <span class='ocrx_word' id='word_1_250' title='bbox 1666 2743 1765 2793; x_wconf 87' lang='lat' dir='ltr'><strong>Sed</strong></span> <span class='ocrx_word' id='word_1_251' title='bbox 1793 2744 2029 2792; x_wconf 78' lang='lat' dir='ltr'><strong>Boeciero</strong></span> <span class='ocrx_word' id='word_1_252' title='bbox 2051 2742 2109 2791; x_wconf 77' lang='grc' dir='ltr'><strong>τὸ</strong></span> <span class='ocrx_word' id='word_1_253' title='bbox 2131 2694 2243 2792; x_wconf 39' lang='lat' dir='ltr'><strong>Aa</strong></span> 
     </span>
     <span class='ocr_line' id='line_1_27' title="bbox 290 2807 2503 2873; baseline 0.001 -19"><span class='ocrx_word' id='word_1_254' title='bbox 290 2809 341 2854; x_wconf 90' lang='lat' dir='ltr'><strong>ni</strong></span> <span class='ocrx_word' id='word_1_255' title='bbox 385 2807 586 2856; x_wconf 84' lang='lat' dir='ltr'><strong>cantius</strong></span> <span class='ocrx_word' id='word_1_256' title='bbox 612 2817 694 2858; x_wconf 81' lang='lat' dir='ltr'><strong>est</strong></span> <span class='ocrx_word' id='word_1_257' title='bbox 715 2810 766 2860; x_wconf 86' lang='lat' dir='ltr'><strong>b.</strong></span> <span class='ocrx_word' id='word_1_258' title='bbox 789 2810 824 2858; x_wconf 93' lang='grc'><strong>1.</strong></span> <span class='ocrx_word' id='word_1_259' title='bbox 850 2824 1002 2873; x_wconf 88' lang='lat' dir='ltr'><strong>quam</strong></span> <span class='ocrx_word' id='word_1_260' title='bbox 1029 2810 1193 2860; x_wconf 67' lang='lat' dir='ltr'><strong>Haud.</strong></span> <span class='ocrx_word' id='word_1_261' title='bbox 1242 2810 1374 2858; x_wconf 88' lang='lat' dir='ltr'><strong>Tum</strong></span> <span class='ocrx_word' id='word_1_262' title='bbox 1413 2807 1769 2861; x_wconf 82' lang='lat' dir='ltr'><strong>Quintilianus</strong></span> <span class='ocrx_word' id='word_1_263' title='bbox 1795 2809 1863 2858; x_wconf 81' lang='lat' dir='ltr'><strong>At</strong></span> <span class='ocrx_word' id='word_1_264' title='bbox 1895 2808 2044 2870; x_wconf 82' lang='lat' dir='ltr'><strong>legit,</strong></span> <span class='ocrx_word' id='word_1_265' title='bbox 2077 2810 2184 2856; x_wconf 85' lang='lat' dir='ltr'><strong>loc.</strong></span> <span class='ocrx_word' id='word_1_266' title='bbox 2221 2808 2315 2856; x_wconf 87' lang='lat' dir='ltr'><strong>cit.</strong></span> <span class='ocrx_word' id='word_1_267' title='bbox 2356 2809 2503 2856; x_wconf 71' lang='lat' dir='ltr'><strong>West.</strong></span> 
     </span>
     <span class='ocr_line' id='line_1_28' title="bbox 288 2869 2503 2937; baseline 0.001 -18"><span class='ocrx_word' id='word_1_268' title='bbox 288 2869 355 2919; x_wconf 75' lang='grc' dir='ltr'><strong>Τὸ</strong></span> <span class='ocrx_word' id='word_1_269' title='bbox 370 2871 445 2920; x_wconf 79' lang='lat' dir='ltr'><strong>At</strong></span> <span class='ocrx_word' id='word_1_270' title='bbox 467 2886 667 2937; x_wconf 86' lang='lat' dir='ltr'><strong>quoque</strong></span> <span class='ocrx_word' id='word_1_271' title='bbox 693 2873 878 2937; x_wconf 86' lang='lat' dir='ltr'><strong>probat</strong></span> <span class='ocrx_word' id='word_1_272' title='bbox 898 2874 1054 2923; x_wconf 87' lang='lat' dir='ltr'><strong>Beut.</strong></span> <span class='ocrx_word' id='word_1_273' title='bbox 1085 2879 1100 2904; x_wconf 84' lang='lat'><strong>‘</strong></span> <span class='ocrx_word' id='word_1_274' title='bbox 1117 2874 1430 2924; x_wconf 80' lang='lat' dir='ltr'><strong>Rectissime</strong></span> <span class='ocrx_word' id='word_1_275' title='bbox 1454 2889 1484 2923; x_wconf 91' lang='lat' dir='ltr'><strong>e</strong></span> <span class='ocrx_word' id='word_1_276' title='bbox 1508 2873 1637 2922; x_wconf 68' lang='lat' dir='ltr'><strong>Mae.</strong></span> <span class='ocrx_word' id='word_1_277' title='bbox 1658 2872 1822 2922; x_wconf 88' lang='lat' dir='ltr'><strong>edidit</strong></span> <span class='ocrx_word' id='word_1_278' title='bbox 1837 2872 1995 2921; x_wconf 68' lang='lat' dir='ltr'><strong>Bent-</strong></span> <span class='ocrx_word' id='word_1_279' title='bbox 2018 2875 2087 2921; x_wconf 77' lang='lat' dir='ltr'><strong>At</strong></span> <span class='ocrx_word' id='word_1_280' title='bbox 2110 2888 2152 2921; x_wconf 88' lang='lat' dir='ltr'><strong>e.</strong></span> <span class='ocrx_word' id='word_1_281' title='bbox 2176 2870 2243 2921; x_wconf 86' lang='lat' dir='ltr'><strong>n.’</strong></span> <span class='ocrx_word' id='word_1_282' title='bbox 2275 2872 2339 2921; x_wconf 84' lang='lat' dir='ltr'><strong>R.</strong></span> <span class='ocrx_word' id='word_1_283' title='bbox 2362 2873 2503 2921; x_wconf 90' lang='lat' dir='ltr'><strong>D.—</strong></span> 
     </span>
     <span class='ocr_line' id='line_1_29' title="bbox 289 2935 2504 3002; baseline 0 -18"><span class='ocrx_word' id='word_1_284' title='bbox 289 2939 355 2984; x_wconf 79' lang='lat'><strong>&#39;7⁷</strong></span> <span class='ocrx_word' id='word_1_285' title='bbox 394 2936 541 2985; x_wconf 87' lang='lat' dir='ltr'><strong>Bem.</strong></span> <span class='ocrx_word' id='word_1_286' title='bbox 563 2952 678 2986; x_wconf 83' lang='lat' dir='ltr'><strong>cum</strong></span> <span class='ocrx_word' id='word_1_287' title='bbox 700 2953 803 3002; x_wconf 90' lang='lat' dir='ltr'><strong>quo</strong></span> <span class='ocrx_word' id='word_1_288' title='bbox 817 2937 902 2988; x_wconf 87' lang='lat' dir='ltr'><strong>hic</strong></span> <span class='ocrx_word' id='word_1_289' title='bbox 920 2939 1252 2988; x_wconf 80' lang='lat' dir='ltr'><strong>consentiunt</strong></span> <span class='ocrx_word' id='word_1_290' title='bbox 1277 2954 1453 2989; x_wconf 85' lang='lat' dir='ltr'><strong>omnes</strong></span> <span class='ocrx_word' id='word_1_291' title='bbox 1474 2937 1590 2988; x_wconf 89' lang='lat' dir='ltr'><strong>fere</strong></span> <span class='ocrx_word' id='word_1_292' title='bbox 1613 2937 1739 2989; x_wconf 85' lang='lat' dir='ltr'><strong>libb.</strong></span> <span class='ocrx_word' id='word_1_293' title='bbox 1759 2943 2015 2998; x_wconf 70' lang='lat' dir='ltr'><strong>recenteS,</strong></span> <span class='ocrx_word' id='word_1_294' title='bbox 2034 2935 2190 2986; x_wconf 86' lang='lat' dir='ltr'><strong>habet</strong></span> <span class='ocrx_word' id='word_1_295' title='bbox 2212 2936 2359 2986; x_wconf 82' lang='lat' dir='ltr'><strong>Soror</strong></span> <span class='ocrx_word' id='word_1_296' title='bbox 2372 2936 2504 2985; x_wconf 81' lang='lat' dir='ltr'><strong>dicta</strong></span> 
     </span>
     <span class='ocr_line' id='line_1_30' title="bbox 290 2998 2501 3068; baseline -0 -19"><span class='ocrx_word' id='word_1_297' title='bbox 290 3005 382 3050; x_wconf 75' lang='lat' dir='ltr'><strong>eet.</strong></span> <span class='ocrx_word' id='word_1_298' title='bbox 454 2998 520 3050; x_wconf 83' lang='lat' dir='ltr'><strong>Ut</strong></span> <span class='ocrx_word' id='word_1_299' title='bbox 541 3004 734 3052; x_wconf 80' lang='lat' dir='ltr'><strong>reddam</strong></span> <span class='ocrx_word' id='word_1_300' title='bbox 749 3017 840 3066; x_wconf 80' lang='lat' dir='ltr'><strong>pro</strong></span> <span class='ocrx_word' id='word_1_301' title='bbox 860 3003 986 3066; x_wconf 73' lang='lat' dir='ltr'><strong>suis]</strong></span> <span class='ocrx_word' id='word_1_302' title='bbox 1019 3003 1162 3053; x_wconf 89' lang='lat' dir='ltr'><strong>Edit.</strong></span> <span class='ocrx_word' id='word_1_303' title='bbox 1187 3005 1359 3053; x_wconf 87' lang='lat' dir='ltr'><strong>omitt.</strong></span> <span class='ocrx_word' id='word_1_304' title='bbox 1382 3019 1489 3067; x_wconf 78' lang='lat' dir='ltr'><strong>pro,</strong></span> <span class='ocrx_word' id='word_1_305' title='bbox 1512 3004 1649 3068; x_wconf 84' lang='lat' dir='ltr'><strong>qnod</strong></span> <span class='ocrx_word' id='word_1_306' title='bbox 1681 3002 1927 3051; x_wconf 85' lang='lat' dir='ltr'><strong>mendose</strong></span> <span class='ocrx_word' id='word_1_307' title='bbox 1946 2998 2153 3066; x_wconf 69' lang='lat' dir='ltr'><strong>irrepsit</strong></span> <span class='ocrx_word' id='word_1_308' title='bbox 2176 3015 2243 3050; x_wconf 82' lang='lat' dir='ltr'><strong>ex</strong></span> <span class='ocrx_word' id='word_1_309' title='bbox 2269 3001 2501 3064; x_wconf 83' lang='lat' dir='ltr'><strong>praeced.</strong></span> 
     </span>
     <span class='ocr_line' id='line_1_31' title="bbox 289 3066 2505 3132; baseline 0.001 -20"><span class='ocrx_word' id='word_1_310' title='bbox 289 3078 464 3114; x_wconf 78' lang='lat' dir='ltr'><strong>versu.</strong></span> <span class='ocrx_word' id='word_1_311' title='bbox 500 3066 818 3116; x_wconf 61' lang='lat' dir='ltr'><strong>Bruma—⁷9</strong></span> <span class='ocrx_word' id='word_1_312' title='bbox 850 3066 1018 3117; x_wconf 74' lang='lat' dir='ltr'><strong>Abest</strong></span> <span class='ocrx_word' id='word_1_313' title='bbox 1044 3069 1150 3130; x_wconf 83' lang='lat' dir='ltr'><strong>Ego</strong></span> <span class='ocrx_word' id='word_1_314' title='bbox 1184 3067 1362 3119; x_wconf 83' lang='lat' dir='ltr'><strong>Gueif.</strong></span> <span class='ocrx_word' id='word_1_315' title='bbox 1402 3073 1453 3118; x_wconf 82' lang='lat'><strong>2.</strong></span> <span class='ocrx_word' id='word_1_316' title='bbox 1495 3067 1652 3117; x_wconf 86' lang='lat' dir='ltr'><strong>Both.</strong></span> <span class='ocrx_word' id='word_1_317' title='bbox 1697 3067 1844 3132; x_wconf 81' lang='lat' dir='ltr'><strong>legit,</strong></span> <span class='ocrx_word' id='word_1_318' title='bbox 1878 3068 2124 3116; x_wconf 77' lang='lat' dir='ltr'><strong>Excludor&#39;·</strong></span> <span class='ocrx_word' id='word_1_319' title='bbox 2156 3080 2262 3128; x_wconf 74' lang='lat' dir='ltr'><strong>ego.</strong></span> <span class='ocrx_word' id='word_1_320' title='bbox 2298 3067 2388 3116; x_wconf 85' lang='lat' dir='ltr'><strong>Br.</strong></span> <span class='ocrx_word' id='word_1_321' title='bbox 2409 3080 2505 3129; x_wconf 78' lang='lat' dir='ltr'><strong>qua</strong></span> 
     </span>
     <span class='ocr_line' id='line_1_32' title="bbox 287 3130 2507 3196; baseline -0 -16"><span class='ocrx_word' id='word_1_322' title='bbox 287 3130 478 3193; x_wconf 66' lang='lat' dir='ltr'><strong>gratia,</strong></span> <span class='ocrx_word' id='word_1_323' title='bbox 501 3131 763 3181; x_wconf 58' lang='lat' dir='ltr'><strong>Nisa—8⁰</strong></span> <span class='ocrx_word' id='word_1_324' title='bbox 795 3133 885 3183; x_wconf 81' lang='lat' dir='ltr'><strong>Vs.</strong></span> <span class='ocrx_word' id='word_1_325' title='bbox 921 3132 1049 3181; x_wconf 80' lang='lat' dir='ltr'><strong>satis</strong></span> <span class='ocrx_word' id='word_1_326' title='bbox 1087 3133 1442 3184; x_wconf 74' lang='lat' dir='ltr'><strong>inconcinnus.</strong></span> <span class='ocrx_word' id='word_1_327' title='bbox 1492 3131 1759 3196; x_wconf 84' lang='lat' dir='ltr'><strong>Adjuvant</strong></span> <span class='ocrx_word' id='word_1_328' title='bbox 1796 3132 1882 3181; x_wconf 84' lang='lat' dir='ltr'><strong>alii</strong></span> <span class='ocrx_word' id='word_1_329' title='bbox 1921 3133 2145 3192; x_wconf 75' lang='lat' dir='ltr'><strong>codices,</strong></span> <span class='ocrx_word' id='word_1_330' title='bbox 2182 3131 2271 3195; x_wconf 83' lang='lat' dir='ltr'><strong>qui</strong></span> <span class='ocrx_word' id='word_1_331' title='bbox 2305 3131 2425 3180; x_wconf 76' lang='lat' dir='ltr'><strong>Nisi</strong></span> <span class='ocrx_word' id='word_1_332' title='bbox 2460 3131 2507 3180; x_wconf 75' lang='lat' dir='ltr'><strong>ei</strong></span> 
     </span>
     <span class='ocr_line' id='line_1_33' title="bbox 284 3195 2505 3262; baseline 0.001 -21"><span class='ocrx_word' id='word_1_333' title='bbox 284 3195 457 3242; x_wconf 66' lang='lat' dir='ltr'><strong>ianm.-</strong></span> <span class='ocrx_word' id='word_1_334' title='bbox 493 3195 583 3244; x_wconf 79' lang='lat' dir='ltr'><strong>sed</strong></span> <span class='ocrx_word' id='word_1_335' title='bbox 607 3196 746 3246; x_wconf 85' lang='lat' dir='ltr'><strong>aliud</strong></span> <span class='ocrx_word' id='word_1_336' title='bbox 763 3203 946 3245; x_wconf 76' lang='lat' dir='ltr'><strong>restat.</strong></span> <span class='ocrx_word' id='word_1_337' title='bbox 973 3198 1132 3262; x_wconf 81' lang='lat' dir='ltr'><strong>Lege,</strong></span> <span class='ocrx_word' id='word_1_338' title='bbox 1156 3198 1274 3248; x_wconf 70' lang='lat' dir='ltr'><strong>Nisi</strong></span> <span class='ocrx_word' id='word_1_339' title='bbox 1292 3199 1338 3248; x_wconf 74' lang='lat' dir='ltr'><strong>ei</strong></span> <span class='ocrx_word' id='word_1_340' title='bbox 1353 3200 1488 3247; x_wconf 80' lang='lat' dir='ltr'><strong>illam</strong></span> <span class='ocrx_word' id='word_1_341' title='bbox 1503 3214 1556 3262; x_wconf 84' lang='lat' dir='ltr'><strong>p.</strong></span> <span class='ocrx_word' id='word_1_342' title='bbox 1580 3213 1628 3260; x_wconf 83' lang='lat' dir='ltr'><strong>q.</strong></span> <span class='ocrx_word' id='word_1_343' title='bbox 1654 3213 1714 3246; x_wconf 83' lang='lat' dir='ltr'><strong>m.</strong></span> <span class='ocrx_word' id='word_1_344' title='bbox 1734 3212 1884 3257; x_wconf 71' lang='lat' dir='ltr'><strong>umas,</strong></span> <span class='ocrx_word' id='word_1_345' title='bbox 1902 3203 1950 3246; x_wconf 84' lang='lat' dir='ltr'><strong>et</strong></span> <span class='ocrx_word' id='word_1_346' title='bbox 1970 3197 2111 3246; x_wconf 75' lang='lat' dir='ltr'><strong>istam</strong></span> <span class='ocrx_word' id='word_1_347' title='bbox 2128 3211 2178 3244; x_wconf 81' lang='lat' dir='ltr'><strong>n.</strong></span> <span class='ocrx_word' id='word_1_348' title='bbox 2203 3201 2242 3246; x_wconf 88' lang='lat' dir='ltr'><strong>t.</strong></span> <span class='ocrx_word' id='word_1_349' title='bbox 2291 3196 2380 3245; x_wconf 86' lang='lat' dir='ltr'><strong>Me</strong></span> <span class='ocrx_word' id='word_1_350' title='bbox 2396 3210 2505 3245; x_wconf 90' lang='lat' dir='ltr'><strong>om·</strong></span> 
     </span>
     <span class='ocr_line' id='line_1_34' title="bbox 290 3259 2502 3324; baseline 0.002 -18"><span class='ocrx_word' id='word_1_351' title='bbox 290 3260 414 3309; x_wconf 86' lang='lat' dir='ltr'><strong>nino</strong></span> <span class='ocrx_word' id='word_1_352' title='bbox 450 3259 500 3307; x_wconf 89' lang='lat' dir='ltr'><strong>in</strong></span> <span class='ocrx_word' id='word_1_353' title='bbox 523 3260 632 3309; x_wconf 86' lang='lat' dir='ltr'><strong>ictu</strong></span> <span class='ocrx_word' id='word_1_354' title='bbox 669 3274 785 3309; x_wconf 81' lang='lat' dir='ltr'><strong>esse</strong></span> <span class='ocrx_word' id='word_1_355' title='bbox 809 3269 1030 3324; x_wconf 83' lang='lat' dir='ltr'><strong>oportet.</strong></span> <span class='ocrx_word' id='word_1_356' title='bbox 1064 3263 1211 3313; x_wconf 84' lang='lat' dir='ltr'><strong>Bent.</strong></span> <span class='ocrx_word' id='word_1_357' title='bbox 1279 3263 1461 3312; x_wconf 77' lang='lat' dir='ltr'><strong>Nisiei</strong></span> <span class='ocrx_word' id='word_1_358' title='bbox 1497 3262 1651 3311; x_wconf 82' lang='lat' dir='ltr'><strong>Bodi.</strong></span> <span class='ocrx_word' id='word_1_359' title='bbox 1694 3263 1832 3312; x_wconf 84' lang='lat' dir='ltr'><strong>Peri.</strong></span> <span class='ocrx_word' id='word_1_360' title='bbox 1861 3261 2141 3310; x_wconf 64' lang='lat' dir='ltr'><strong>notu-81</strong></span> <span class='ocrx_word' id='word_1_361' title='bbox 2178 3260 2277 3310; x_wconf 88' lang='lat' dir='ltr'><strong>Ed.</strong></span> <span class='ocrx_word' id='word_1_362' title='bbox 2311 3261 2502 3324; x_wconf 68' lang='lat' dir='ltr'><strong>Delph-</strong></span> 
     </span>
     <span class='ocr_line' id='line_1_35' title="bbox 248 3323 2505 3391; baseline 0.001 -20"><span class='ocrx_word' id='word_1_363' title='bbox 248 3356 255 3391; x_wconf 18' lang='grc' dir='ltr'><strong>»Α</strong></span> <span class='ocrx_word' id='word_1_364' title='bbox 294 3323 362 3379; x_wconf 84' lang='lat' dir='ltr'><strong>Q.</strong></span> <span class='ocrx_word' id='word_1_365' title='bbox 385 3323 586 3373; x_wconf 78' lang='lat' dir='ltr'><strong>abducta</strong></span> <span class='ocrx_word' id='word_1_366' title='bbox 607 3331 695 3374; x_wconf 76' lang='lat' dir='ltr'><strong>ert.</strong></span> <span class='ocrx_word' id='word_1_367' title='bbox 734 3325 826 3374; x_wconf 88' lang='lat' dir='ltr'><strong>Br.</strong></span> <span class='ocrx_word' id='word_1_368' title='bbox 848 3326 1302 3388; x_wconf 71' lang='lat' dir='ltr'><strong>interrogationem</strong></span> <span class='ocrx_word' id='word_1_369' title='bbox 1320 3328 1476 3376; x_wconf 83' lang='lat' dir='ltr'><strong>habet</strong></span> <span class='ocrx_word' id='word_1_370' title='bbox 1496 3333 1617 3391; x_wconf 81' lang='lat' dir='ltr'><strong>post</strong></span> <span class='ocrx_word' id='word_1_371' title='bbox 1639 3327 1877 3376; x_wconf 62' lang='lat' dir='ltr'><strong>tibi—82</strong></span> <span class='ocrx_word' id='word_1_372' title='bbox 1909 3326 2065 3388; x_wconf 79' lang='lat' dir='ltr'><strong>vulg.</strong></span> <span class='ocrx_word' id='word_1_373' title='bbox 2092 3327 2273 3386; x_wconf 73' lang='lat' dir='ltr'><strong>Egmae.</strong></span> <span class='ocrx_word' id='word_1_374' title='bbox 2293 3325 2505 3388; x_wconf 79' lang='lat' dir='ltr'><strong>syliaba</strong></span> 
     </span>
     <span class='ocr_line' id='line_1_36' title="bbox 289 3387 2501 3454; baseline 0.001 -18"><span class='ocrx_word' id='word_1_375' title='bbox 289 3398 352 3442; x_wconf 75' lang='lat' dir='ltr'><strong>ne</strong></span> <span class='ocrx_word' id='word_1_376' title='bbox 387 3387 651 3450; x_wconf 80' lang='lat' dir='ltr'><strong>superflua</strong></span> <span class='ocrx_word' id='word_1_377' title='bbox 674 3390 1019 3440; x_wconf 78' lang='lat' dir='ltr'><strong>incommodet</strong></span> <span class='ocrx_word' id='word_1_378' title='bbox 1041 3400 1229 3441; x_wconf 86' lang='lat' dir='ltr'><strong>metro.</strong></span> <span class='ocrx_word' id='word_1_379' title='bbox 1272 3392 1405 3441; x_wconf 73' lang='lat' dir='ltr'><strong>Peri.</strong></span> <span class='ocrx_word' id='word_1_380' title='bbox 1473 3392 1582 3451; x_wconf 85' lang='lat' dir='ltr'><strong>Ego</strong></span> <span class='ocrx_word' id='word_1_381' title='bbox 1614 3391 1667 3439; x_wconf 79' lang='lat' dir='ltr'><strong>id</strong></span> <span class='ocrx_word' id='word_1_382' title='bbox 1733 3404 1901 3453; x_wconf 86' lang='lat' dir='ltr'><strong>noque</strong></span> <span class='ocrx_word' id='word_1_383' title='bbox 1924 3390 2131 3454; x_wconf 83' lang='lat' dir='ltr'><strong>reponit</strong></span> <span class='ocrx_word' id='word_1_384' title='bbox 2152 3389 2309 3437; x_wconf 87' lang='lat' dir='ltr'><strong>Bent.</strong></span> <span class='ocrx_word' id='word_1_385' title='bbox 2346 3390 2501 3438; x_wconf 81' lang='lat' dir='ltr'><strong>Both.</strong></span> 
     </span>
     <span class='ocr_line' id='line_1_37' title="bbox 291 3451 2505 3518; baseline 0.001 -18"><span class='ocrx_word' id='word_1_386' title='bbox 291 3451 504 3516; x_wconf 82' lang='lat' dir='ltr'><strong>legend.</strong></span> <span class='ocrx_word' id='word_1_387' title='bbox 528 3461 727 3517; x_wconf 88' lang='lat' dir='ltr'><strong>monet,</strong></span> <span class='ocrx_word' id='word_1_388' title='bbox 765 3456 873 3517; x_wconf 81' lang='lat' dir='ltr'><strong>Ego</strong></span> <span class='ocrx_word' id='word_1_389' title='bbox 904 3453 1054 3506; x_wconf 75' lang='lat' dir='ltr'><strong>idne?</strong></span> <span class='ocrx_word' id='word_1_390' title='bbox 1091 3456 1369 3512; x_wconf 48' lang='lat' dir='ltr'><strong>Quiete-83</strong></span> <span class='ocrx_word' id='word_1_391' title='bbox 1402 3455 1552 3504; x_wconf 88' lang='lat' dir='ltr'><strong>Bem.</strong></span> <span class='ocrx_word' id='word_1_392' title='bbox 1588 3462 1644 3502; x_wconf 89' lang='lat' dir='ltr'><strong>et</strong></span> <span class='ocrx_word' id='word_1_393' title='bbox 1688 3469 1719 3502; x_wconf 85' lang='lat' dir='ltr'><strong>a</strong></span> <span class='ocrx_word' id='word_1_394' title='bbox 1740 3454 1843 3518; x_wconf 90' lang='lat' dir='ltr'><strong>iqui</strong></span> <span class='ocrx_word' id='word_1_395' title='bbox 1881 3468 1947 3502; x_wconf 89' lang='lat' dir='ltr'><strong>ex</strong></span> <span class='ocrx_word' id='word_1_396' title='bbox 1987 3454 2228 3516; x_wconf 76' lang='lat' dir='ltr'><strong>antiquie,</strong></span> <span class='ocrx_word' id='word_1_397' title='bbox 2249 3460 2306 3502; x_wconf 82' lang='lat' dir='ltr'><strong>et</strong></span> <span class='ocrx_word' id='word_1_398' title='bbox 2328 3467 2505 3502; x_wconf 70' lang='lat' dir='ltr'><strong>omnes</strong></span> 
     </span>
     <span class='ocr_line' id='line_1_38' title="bbox 293 3515 2505 3582; baseline 0 -17"><span class='ocrx_word' id='word_1_399' title='bbox 293 3515 409 3566; x_wconf 81' lang='lat' dir='ltr'><strong>fere</strong></span> <span class='ocrx_word' id='word_1_400' title='bbox 432 3524 692 3580; x_wconf 75' lang='lat' dir='ltr'><strong>recentes,</strong></span> <span class='ocrx_word' id='word_1_401' title='bbox 710 3518 826 3568; x_wconf 82' lang='lat' dir='ltr'><strong>num</strong></span> <span class='ocrx_word' id='word_1_402' title='bbox 844 3519 942 3570; x_wconf 81' lang='lat' dir='ltr'><strong>ubi.</strong></span> <span class='ocrx_word' id='word_1_403' title='bbox 963 3519 1038 3569; x_wconf 78' lang='lat' dir='ltr'><strong>ita</strong></span> <span class='ocrx_word' id='word_1_404' title='bbox 1061 3527 1117 3570; x_wconf 88' lang='lat' dir='ltr'><strong>et</strong></span> <span class='ocrx_word' id='word_1_405' title='bbox 1138 3516 1400 3570; x_wconf 77' lang='lat' dir='ltr'><strong>Donatus.</strong></span> <span class='ocrx_word' id='word_1_406' title='bbox 1435 3519 1526 3567; x_wconf 89' lang='lat' dir='ltr'><strong>Fa.</strong></span> <span class='ocrx_word' id='word_1_407' title='bbox 1592 3518 1731 3567; x_wconf 84' lang='lat' dir='ltr'><strong>Illud</strong></span> <span class='ocrx_word' id='word_1_408' title='bbox 1754 3518 1977 3580; x_wconf 75' lang='lat' dir='ltr'><strong>nuncubi,</strong></span> <span class='ocrx_word' id='word_1_409' title='bbox 2000 3517 2136 3582; x_wconf 88' lang='lat' dir='ltr'><strong>quod</strong></span> <span class='ocrx_word' id='word_1_410' title='bbox 2158 3523 2242 3566; x_wconf 82' lang='lat' dir='ltr'><strong>est</strong></span> <span class='ocrx_word' id='word_1_411' title='bbox 2269 3518 2321 3565; x_wconf 90' lang='lat' dir='ltr'><strong>in</strong></span> <span class='ocrx_word' id='word_1_412' title='bbox 2345 3516 2505 3580; x_wconf 80' lang='lat' dir='ltr'><strong>piuri-</strong></span> 
     </span>
     <span class='ocr_line' id='line_1_39' title="bbox 292 3580 2504 3648; baseline 0 -18"><span class='ocrx_word' id='word_1_413' title='bbox 292 3580 394 3631; x_wconf 80' lang='lat' dir='ltr'><strong>bns</strong></span> <span class='ocrx_word' id='word_1_414' title='bbox 415 3582 572 3632; x_wconf 85' lang='lat' dir='ltr'><strong>codd.</strong></span> <span class='ocrx_word' id='word_1_415' title='bbox 606 3597 874 3647; x_wconf 76' lang='lat' dir='ltr'><strong>nusquam,</strong></span> <span class='ocrx_word' id='word_1_416' title='bbox 908 3585 1108 3648; x_wconf 87' lang='lat' dir='ltr'><strong>opinor,</strong></span> <span class='ocrx_word' id='word_1_417' title='bbox 1145 3585 1270 3634; x_wconf 87' lang='lat' dir='ltr'><strong>alibi</strong></span> <span class='ocrx_word' id='word_1_418' title='bbox 1303 3584 1597 3633; x_wconf 71' lang='lat' dir='ltr'><strong>inveniturt</strong></span> <span class='ocrx_word' id='word_1_419' title='bbox 1630 3597 1744 3632; x_wconf 82' lang='lat' dir='ltr'><strong>num</strong></span> <span class='ocrx_word' id='word_1_420' title='bbox 1774 3583 1856 3632; x_wconf 76' lang='lat' dir='ltr'><strong>ubi</strong></span> <span class='ocrx_word' id='word_1_421' title='bbox 1893 3596 2070 3631; x_wconf 70' lang='lat' dir='ltr'><strong>versut</strong></span> <span class='ocrx_word' id='word_1_422' title='bbox 2104 3582 2218 3646; x_wconf 87' lang='lat' dir='ltr'><strong>ipse</strong></span> <span class='ocrx_word' id='word_1_423' title='bbox 2239 3581 2504 3644; x_wconf 85' lang='lat' dir='ltr'><strong>repudiat.</strong></span> 
     </span>
     <span class='ocr_line' id='line_1_40' title="bbox 292 3644 2506 3709; baseline 0 -14"><span class='ocrx_word' id='word_1_424' title='bbox 292 3644 441 3709; x_wconf 83' lang='lat' dir='ltr'><strong>Lego</strong></span> <span class='ocrx_word' id='word_1_425' title='bbox 474 3646 652 3709; x_wconf 84' lang='lat' dir='ltr'><strong>igitur,</strong></span> <span class='ocrx_word' id='word_1_426' title='bbox 681 3662 795 3697; x_wconf 81' lang='lat' dir='ltr'><strong>num</strong></span> <span class='ocrx_word' id='word_1_427' title='bbox 830 3648 936 3697; x_wconf 81' lang='lat' dir='ltr'><strong>tibi.</strong></span> <span class='ocrx_word' id='word_1_428' title='bbox 990 3649 1146 3698; x_wconf 87' lang='lat' dir='ltr'><strong>Bent.</strong></span> <span class='ocrx_word' id='word_1_429' title='bbox 1181 3649 1267 3699; x_wconf 85' lang='lat' dir='ltr'><strong>Ita</strong></span> <span class='ocrx_word' id='word_1_430' title='bbox 1305 3647 1464 3698; x_wconf 88' lang='lat' dir='ltr'><strong>Both.</strong></span> <span class='ocrx_word' id='word_1_431' title='bbox 1537 3648 1629 3697; x_wconf 65' lang='grc' dir='ltr'><strong>ΒΓ.</strong></span> <span class='ocrx_word' id='word_1_432' title='bbox 1666 3655 1721 3697; x_wconf 92' lang='lat' dir='ltr'><strong>et</strong></span> <span class='ocrx_word' id='word_1_433' title='bbox 1755 3647 1895 3696; x_wconf 79' lang='lat' dir='ltr'><strong>Peri.</strong></span> <span class='ocrx_word' id='word_1_434' title='bbox 1919 3662 2043 3695; x_wconf 80' lang='lat' dir='ltr'><strong>nunc</strong></span> <span class='ocrx_word' id='word_1_435' title='bbox 2083 3647 2312 3695; x_wconf 60' lang='lat' dir='ltr'><strong>rabie-84</strong></span> <span class='ocrx_word' id='word_1_436' title='bbox 2344 3646 2506 3695; x_wconf 87' lang='lat' dir='ltr'><strong>Varie</strong></span> 
     </span>
     <span class='ocr_line' id='line_1_41' title="bbox 294 3710 2504 3775; baseline 0 -16"><span class='ocrx_word' id='word_1_437' title='bbox 294 3711 409 3761; x_wconf 81' lang='lat' dir='ltr'><strong>baec</strong></span> <span class='ocrx_word' id='word_1_438' title='bbox 429 3711 694 3773; x_wconf 80' lang='lat' dir='ltr'><strong>leguntur.</strong></span> <span class='ocrx_word' id='word_1_439' title='bbox 718 3714 917 3763; x_wconf 88' lang='lat' dir='ltr'><strong>Mureti</strong></span> <span class='ocrx_word' id='word_1_440' title='bbox 957 3715 1133 3763; x_wconf 79' lang='lat' dir='ltr'><strong>calvier</strong></span> <span class='ocrx_word' id='word_1_441' title='bbox 1168 3713 1218 3761; x_wconf 85' lang='lat' dir='ltr'><strong>h.</strong></span> <span class='ocrx_word' id='word_1_442' title='bbox 1255 3727 1299 3762; x_wconf 89' lang='lat' dir='ltr'><strong>e.</strong></span> <span class='ocrx_word' id='word_1_443' title='bbox 1337 3711 1537 3774; x_wconf 86' lang='lat' dir='ltr'><strong>decipi,</strong></span> <span class='ocrx_word' id='word_1_444' title='bbox 1570 3711 1710 3760; x_wconf 87' lang='lat' dir='ltr'><strong>ridet</strong></span> <span class='ocrx_word' id='word_1_445' title='bbox 1748 3712 1895 3775; x_wconf 72' lang='lat' dir='ltr'><strong>LipS.</strong></span> <span class='ocrx_word' id='word_1_446' title='bbox 1928 3712 2106 3775; x_wconf 79' lang='lat' dir='ltr'><strong>legens</strong></span> <span class='ocrx_word' id='word_1_447' title='bbox 2128 3711 2343 3760; x_wconf 76' lang='lat' dir='ltr'><strong>claudere</strong></span> <span class='ocrx_word' id='word_1_448' title='bbox 2381 3710 2429 3760; x_wconf 85' lang='lat' dir='ltr'><strong>h.</strong></span> <span class='ocrx_word' id='word_1_449' title='bbox 2455 3724 2504 3759; x_wconf 91' lang='lat' dir='ltr'><strong>e.</strong></span> 
     </span>
     <span class='ocr_line' id='line_1_42' title="bbox 293 3774 2504 3838; baseline 0 -14"><span class='ocrx_word' id='word_1_450' title='bbox 293 3775 597 3826; x_wconf 78' lang='lat' dir='ltr'><strong>claudicare</strong></span> <span class='ocrx_word' id='word_1_451' title='bbox 630 3784 686 3826; x_wconf 88' lang='lat' dir='ltr'><strong>et</strong></span> <span class='ocrx_word' id='word_1_452' title='bbox 719 3775 962 3827; x_wconf 85' lang='lat' dir='ltr'><strong>deficere.</strong></span> <span class='ocrx_word' id='word_1_453' title='bbox 1000 3779 1067 3828; x_wconf 87' lang='lat' dir='ltr'><strong>G.</strong></span> <span class='ocrx_word' id='word_1_454' title='bbox 1104 3778 1228 3827; x_wconf 90' lang='lat' dir='ltr'><strong>EM.</strong></span> <span class='ocrx_word' id='word_1_455' title='bbox 1270 3784 1327 3827; x_wconf 92' lang='lat' dir='ltr'><strong>et</strong></span> <span class='ocrx_word' id='word_1_456' title='bbox 1362 3776 1548 3827; x_wconf 85' lang='lat' dir='ltr'><strong>Leidd.</strong></span> <span class='ocrx_word' id='word_1_457' title='bbox 1586 3790 1735 3838; x_wconf 77' lang='lat' dir='ltr'><strong>unua,</strong></span> <span class='ocrx_word' id='word_1_458' title='bbox 1772 3775 2134 3825; x_wconf 77' lang='lat' dir='ltr'><strong>interclaadier:</strong></span> <span class='ocrx_word' id='word_1_459' title='bbox 2166 3774 2504 3838; x_wconf 80' lang='lat' dir='ltr'><strong>additumque</strong></span> 
     </span>
     <span class='ocr_line' id='line_1_43' title="bbox 295 3839 2507 3906; baseline -0.001 -16"><span class='ocrx_word' id='word_1_460' title='bbox 295 3841 401 3890; x_wconf 83' lang='lat' dir='ltr'><strong>alia</strong></span> <span class='ocrx_word' id='word_1_461' title='bbox 420 3855 598 3903; x_wconf 85' lang='lat' dir='ltr'><strong>manu,</strong></span> <span class='ocrx_word' id='word_1_462' title='bbox 621 3842 637 3869; x_wconf 93' lang='lat'>‘</span> <span class='ocrx_word' id='word_1_463' title='bbox 662 3843 926 3906; x_wconf 84' lang='lat' dir='ltr'><strong>intercipi,</strong></span> <span class='ocrx_word' id='word_1_464' title='bbox 946 3843 1070 3906; x_wconf 87' lang='lat' dir='ltr'><strong>quin</strong></span> <span class='ocrx_word' id='word_1_465' title='bbox 1103 3857 1311 3905; x_wconf 79' lang='lat' dir='ltr'><strong>semper</strong></span> <span class='ocrx_word' id='word_1_466' title='bbox 1342 3840 1593 3903; x_wconf 87' lang='lat' dir='ltr'><strong>facerem,</strong></span> <span class='ocrx_word' id='word_1_467' title='bbox 1629 3856 1741 3904; x_wconf 85' lang='lat' dir='ltr'><strong>quae</strong></span> <span class='ocrx_word' id='word_1_468' title='bbox 1768 3839 2016 3889; x_wconf 69' lang='lat' dir='ltr'><strong>voluisti!</strong></span> <span class='ocrx_word' id='word_1_469' title='bbox 2052 3839 2153 3888; x_wconf 84' lang='lat' dir='ltr'><strong>Sed</strong></span> <span class='ocrx_word' id='word_1_470' title='bbox 2179 3845 2235 3888; x_wconf 91' lang='lat' dir='ltr'><strong>et</strong></span> <span class='ocrx_word' id='word_1_471' title='bbox 2253 3839 2507 3888; x_wconf 75' lang='lat' dir='ltr'><strong>interclau-</strong></span> 
     </span>
     <span class='ocr_line' id='line_1_44' title="bbox 295 3895 2505 3957; baseline -0 -3"><span class='ocrx_word' id='word_1_472' title='bbox 295 3907 405 3955; x_wconf 77' lang='lat' dir='ltr'><strong>dier</strong></span> <span class='ocrx_word' id='word_1_473' title='bbox 437 3920 505 3955; x_wconf 86' lang='lat' dir='ltr'><strong>ex</strong></span> <span class='ocrx_word' id='word_1_474' title='bbox 543 3907 674 3955; x_wconf 80' lang='lat' dir='ltr'><strong>Mss.</strong></span> <span class='ocrx_word' id='word_1_475' title='bbox 715 3914 772 3956; x_wconf 85' lang='lat' dir='ltr'><strong>et</strong></span> <span class='ocrx_word' id='word_1_476' title='bbox 809 3906 964 3957; x_wconf 90' lang='lat' dir='ltr'><strong>codd.</strong></span> <span class='ocrx_word' id='word_1_477' title='bbox 1002 3913 1136 3957; x_wconf 85' lang='lat' dir='ltr'><strong>vett.</strong></span> <span class='ocrx_word' id='word_1_478' title='bbox 1177 3906 1360 3956; x_wconf 82' lang='lat' dir='ltr'><strong>laudat</strong></span> <span class='ocrx_word' id='word_1_479' title='bbox 1397 3905 1549 3955; x_wconf 87' lang='lat' dir='ltr'><strong>Lind.</strong></span> <span class='ocrx_word' id='word_1_480' title='bbox 1600 3906 1670 3954; x_wconf 91' lang='lat' dir='ltr'><strong>Et</strong></span> <span class='ocrx_word' id='word_1_481' title='bbox 1703 3911 1783 3953; x_wconf 84' lang='lat' dir='ltr'><strong>est</strong></span> <span class='ocrx_word' id='word_1_482' title='bbox 1817 3905 1867 3953; x_wconf 91' lang='lat' dir='ltr'><strong>in</strong></span> <span class='ocrx_word' id='word_1_483' title='bbox 1902 3904 2016 3953; x_wconf 87' lang='grc' dir='ltr'><strong>ΕΡ.</strong></span> <span class='ocrx_word' id='word_1_484' title='bbox 2056 3904 2192 3952; x_wconf 88' lang='lat' dir='ltr'><strong>Vide</strong></span> <span class='ocrx_word' id='word_1_485' title='bbox 2206 3895 2282 3952; x_wconf 73' lang='lat' dir='ltr'><strong>‘et</strong></span> <span class='ocrx_word' id='word_1_486' title='bbox 2319 3902 2505 3953; x_wconf 88' lang='lat' dir='ltr'><strong>Barth.</strong></span> 
     </span>
     <span class='ocr_line' id='line_1_45' title="bbox 295 3966 2508 4022; baseline -0.002 -3"><span class='ocrx_word' id='word_1_487' title='bbox 295 3969 528 4022; x_wconf 80' lang='lat' dir='ltr'><strong>Advers.</strong></span> <span class='ocrx_word' id='word_1_488' title='bbox 567 3980 781 4021; x_wconf 72' lang='lat' dir='ltr'><strong>xxxin.</strong></span> <span class='ocrx_word' id='word_1_489' title='bbox 817 3975 866 4020; x_wconf 66' lang='grc' dir='ltr'><strong>ἵ.</strong></span> <span class='ocrx_word' id='word_1_490' title='bbox 905 3967 1060 4022; x_wconf 74' lang='lat' dir='ltr'><strong>west.</strong></span> <span class='ocrx_word' id='word_1_491' title='bbox 1128 3971 1190 4020; x_wconf 89' lang='lat' dir='ltr'><strong>In</strong></span> <span class='ocrx_word' id='word_1_492' title='bbox 1212 3986 1350 4021; x_wconf 87' lang='lat' dir='ltr'><strong>omn.</strong></span> <span class='ocrx_word' id='word_1_493' title='bbox 1372 3970 1509 4019; x_wconf 87' lang='lat' dir='ltr'><strong>Pali.</strong></span> <span class='ocrx_word' id='word_1_494' title='bbox 1539 3976 1676 4018; x_wconf 84' lang='lat' dir='ltr'><strong>teste</strong></span> <span class='ocrx_word' id='word_1_495' title='bbox 1700 3970 1823 4018; x_wconf 87' lang='lat' dir='ltr'><strong>Par.</strong></span> <span class='ocrx_word' id='word_1_496' title='bbox 1845 3966 2071 4019; x_wconf 79' lang='lat' dir='ltr'><strong>claudier.</strong></span> <span class='ocrx_word' id='word_1_497' title='bbox 2096 3968 2227 4018; x_wconf 82' lang='lat' dir='ltr'><strong>GM.</strong></span> <span class='ocrx_word' id='word_1_498' title='bbox 2249 3967 2508 4016; x_wconf 80' lang='lat' dir='ltr'><strong>interclau-</strong></span> 
     </span>
     <span class='ocr_line' id='line_1_46' title="bbox 296 4032 2504 4089; baseline -0.001 -5"><span class='ocrx_word' id='word_1_499' title='bbox 296 4035 418 4086; x_wconf 65' lang='grc' dir='ltr'><strong>δίεν.</strong></span> <span class='ocrx_word' id='word_1_500' title='bbox 443 4036 600 4087; x_wconf 86' lang='lat' dir='ltr'><strong>Bent.</strong></span> <span class='ocrx_word' id='word_1_501' title='bbox 624 4036 780 4089; x_wconf 80' lang='lat' dir='ltr'><strong>Both.</strong></span> <span class='ocrx_word' id='word_1_502' title='bbox 804 4035 948 4086; x_wconf 88' lang='lat' dir='ltr'><strong>Perl.</strong></span> <span class='ocrx_word' id='word_1_503' title='bbox 968 4036 1292 4087; x_wconf 77' lang='lat' dir='ltr'><strong>intercludier.</strong></span> <span class='ocrx_word' id='word_1_504' title='bbox 1327 4036 1420 4085; x_wconf 88' lang='lat' dir='ltr'><strong>Br.</strong></span> <span class='ocrx_word' id='word_1_505' title='bbox 1458 4037 1606 4084; x_wconf 86' lang='lat' dir='ltr'><strong>Bem.</strong></span> <span class='ocrx_word' id='word_1_506' title='bbox 1632 4034 1691 4084; x_wconf 88' lang='lat' dir='ltr'><strong>Z.</strong></span> <span class='ocrx_word' id='word_1_507' title='bbox 1717 4040 1775 4083; x_wconf 88' lang='lat' dir='ltr'><strong>ut</strong></span> <span class='ocrx_word' id='word_1_508' title='bbox 1798 4036 2040 4083; x_wconf 47' lang='lat' dir='ltr'><strong>noa-⁴85</strong></span> <span class='ocrx_word' id='word_1_509' title='bbox 2077 4034 2169 4084; x_wconf 89' lang='lat' dir='ltr'><strong>Br.</strong></span> <span class='ocrx_word' id='word_1_510' title='bbox 2185 4032 2504 4083; x_wconf 52' lang='lat' dir='ltr'><strong>dixisti—8⁷</strong></span> 
     </span>
    </p>
   </div>
   <div class='ocr_carea' id='block_1_7' title="bbox 366 4158 2504 4332">
    <p class='ocr_par' dir='ltr' id='par_1_14' title="bbox 366 4158 2504 4332">
     <span class='ocr_line' id='line_1_47' title="bbox 1304 4158 1519 4219; baseline 0.009 -2"><span class='ocrx_word' id='word_1_511' title='bbox 1304 4158 1519 4219; x_wconf 80' lang='lat' dir='ltr'>NOTAE</span> 
     </span>
     <span class='ocr_line' id='line_1_48' title="bbox 366 4263 2504 4332; baseline 0 -19"><span class='ocrx_word' id='word_1_512' title='bbox 366 4268 429 4313; x_wconf 81' lang='grc'><strong>85</strong></span> <span class='ocrx_word' id='word_1_513' title='bbox 488 4265 573 4314; x_wconf 67' lang='lat' dir='ltr'><strong>Ex</strong></span> <span class='ocrx_word' id='word_1_514' title='bbox 619 4264 891 4330; x_wconf 76' lang='lat' dir='ltr'><strong>AEtlu’opia]</strong></span> <span class='ocrx_word' id='word_1_515' title='bbox 945 4264 1204 4332; x_wconf 83' lang='lat' dir='ltr'><strong>Quicquid</strong></span> <span class='ocrx_word' id='word_1_516' title='bbox 1252 4266 1392 4317; x_wconf 80' lang='lat' dir='ltr'><strong>ultra</strong></span> <span class='ocrx_word' id='word_1_517' title='bbox 1447 4265 1923 4330; x_wconf 71' lang='lat' dir='ltr'><strong>NigrumFlumen</strong></span> <span class='ocrx_word' id='word_1_518' title='bbox 1966 4270 2049 4321; x_wconf 79' lang='lat' dir='ltr'><strong>est</strong></span> <span class='ocrx_word' id='word_1_519' title='bbox 2103 4270 2160 4316; x_wconf 87' lang='lat' dir='ltr'><strong>et</strong></span> <span class='ocrx_word' id='word_1_520' title='bbox 2203 4263 2504 4328; x_wconf 80' lang='lat' dir='ltr'><strong>AEgyptum,</strong></span> 
     </span>
    </p>
   </div>
   <div class='ocr_carea' id='block_1_8' title="bbox 2245 2744 2500 2807">
    <p class='ocr_par' dir='ltr' id='par_1_15' title="bbox 2245 2744 2500 2807">
     <span class='ocr_line' id='line_1_49' title="bbox 2245 2744 2500 2807; baseline -0.004 -16"><span class='ocrx_word' id='word_1_521' title='bbox 2245 2757 2378 2806; x_wconf 79' lang='lat' dir='ltr'><strong>onge</strong></span> <span class='ocrx_word' id='word_1_522' title='bbox 2399 2744 2500 2807; x_wconf 83' lang='lat' dir='ltr'><strong>sig-</strong></span> 
     </span>
    </p>
   </div>
  </div>
 </body>
</html>
