3050 4942
979 372 1077 418 nn
1126 371 1407 420 nuruis
1455 370 1781 425 comcns.
2353 357 2486 423 205

279 516 508 577 cumin
540 517 656 576 fine
683 534 888 577 versus
917 515 1142 596 dactyli
1176 514 1271 575 vel
1299 515 1500 576 cretici
1546 517 1741 577 locum
1788 517 2062 591 sustinet,
2090 518 2254 598 quod
2282 519 2487 598 saepis-

280 614 433 674 sime
475 614 562 674 fit.
650 613 808 681 Quin
835 623 895 673 et
936 635 969 672 e
1012 614 1210 674 metris
1240 633 1419 692 supra
1446 614 1657 695 positis
1686 614 1801 673 ista
1823 614 1880 672 in
1909 614 2122 693 quibus
2148 634 2255 696 pes
2283 627 2482 695 poste·

273 711 395 771 rior
440 720 533 770 est
572 709 872 791 dactylus,
912 710 1015 770 vel·
1045 711 1144 769 ubi
1187 711 1402 769 nimius
1447 712 1808 791 syllabarum
1839 712 2103 771 brevium
2132 730 2483 784 concursus,

244 805 466 868 'rarius
493 820 885 888 usurpantur;
931 809 1155 888 optima
1182 817 1391 867 contra
1426 807 1528 869 illa
1559 817 1717 880 sunt,
1758 809 1818 867 in
1846 808 2060 886 quibus
2108 810 2330 887 primus
2372 830 2479 889 pes

275 905 575 964 trochaeus
597 907 691 966 vel
720 907 978 966 trocheeo
997 925 1123 985 par,
1138 905 1229 965 vel
1257 914 1598 984 anapaestus
1621 927 1638 974 3
1683 905 1831 964 alter
1854 911 1992 964 v'ero
2019 906 2113 965 vel
2135 905 2479 985 spondaeus,

270 1002 367 1061 vel
396 1012 765 1081 anapaestus.
872 1004 1062 1064 Purus
1108 1005 1264 1062 enim
1315 1003 1674 1064 ditrocbaeus
1725 1012 1822 1063 est
1861 1003 2044 1062 levior
2096 1022 2386 1062 numerus.
2418 1016 2481 1089 et

271 1097 545 1177 tripudiis
572 1119 752 1177 quam
785 1100 1152 1159 sermonibus
1176 1100 1388 1179 aptior,
1415 1100 1668 1179 ideoque
1704 1099 2006 1161 levitatem
2028 1101 2204 1159 istam
2232 1098 2479 1179 adjunc-

275 1196 438 1255 tione
466 1196 743 1256 ta'rdioris
771 1196 940 1276 pedis
969 1206 1293 1277 temperare
1321 1198 1511 1257 visum
1542 1207 1654 1257 est.

298 1315 303 1322 ·
351 1292 469 1351 His
497 1292 574 1352 de
601 1293 803 1353 metris
832 1296 1172 1374 praemissis,
1186 1295 1314 1374 jam
1344 1295 1422 1353 a'd
1449 1308 1655 1354 versus
1688 1295 1851 1375 ipsos
1886 1295 2240 1356 accedamus
2264 1315 2280 1363 ;
2325 1315 2476 1373 quos

273 1400 339 1449 ut
364 1390 654 1469 -Penitius
707 1390 1127 1471 intelligamus,
1176 1402 1315 1451 ante
1368 1392 1566 1451 omnia
1606 1392 1722 1452 hoc
1756 1392 2042 1474 ‘principio
2085 1391 2244 1466 loco,
2271 1401 2477 1474 utpote

273 1503 393 1566 quo
424 1495 553 1548 tota
577 1487 696 1548 fere
727 1507 819 1548 res
861 1488 1164 1562 innitatur,
1211 1488 1555 1568 ponendum
1584 1497 1696 1559 est,
1737 1508 1944 1548 versus
1990 1489 2248 1548 comicos
2276 1489 2480 1568 cujus·

274 1581 533 1664 cumque
582 1586 816 1664 generis
870 1606 989 1645 non
1045 1606 1153 1667 per
1206 1584 1501 1664 simplices
1544 1583 1751 1663 pedes,
1809 1584 1922 1643 sed
1973 1603 2079 1662 per
2132 1593 2321 1645 metra
2369 1605 2476 1645 seu

273 1677 535 1741 διποδίαε
563 1681 960 1743 dimetiendos
988 1702 1143 1745 esse.

350 1777 488 1836 Hoc
516 1787 901 1857 praeceptum,
933 1778 1095 1859 quod
1126 1789 1218 1839 est
1245 1777 1543 1859 quantivis
1569 1778 1741 1858 pretii
1773 1778 1834 1837 in
1859 1793 1924 1839 re
1952 1780 2214 1851 metrica,
2244 1775 2476 1840 Graecis

272 1874 446 1934 unice
475 1874 784 1936 debemus.
870 1878 1101 1946 Quibus
1130 1894 1250 1936 non
1291 1885 1385 1937 est
1411 1876 1586 1954 copia
1616 1873 1968 1935 consulendi
1996 1874 2072 1934 de
2115 1875 2228 1935 hac
2256 1895 2318 1936 re
2350 1877 2475 1935 He·-

270 1968 625 2048 phaestionis
654 1970 1041 2030 Alexandrini
1068 1971 1330 2032 libellum
1372 1970 1447 2030 de
1478 1971 1713 2044 Mettis,
1739 1971 1840 2048 qui
1881 1970 2007 2049 jam
2036 1970 2139 2029 diu
2179 1981 2272 2030 est
2297 1971 2504 2031 raris-·

270 2068 474 2144 simus,
507 2066 730 2127 adeant
754 2078 956 2128 vetera
984 2068 1211 2130 scholia
1251 2069 1312 2128 in
1342 2068 1820 2147 Aristophanem,
1852 2068 1944 2126 vel
1973 2067 2233 2126 Triclinii
2257 2071 2319 2129 in
2360 2071 2504 2128 So—a

269 2164 542 2242 phoclem
569 2185 585 2224 ε
628 2166 690 2224 in
717 2165 790 2224 iis
818 2165 1102 2226 videbunt
1130 2184 1336 2226 versus
1364 2184 1572 2225 omnes
1601 2184 1705 2245 per
1738 2164 1972 2244 integra
1999 2165 2099 2224 illa
2122 2166 2343 2244 scripta
2367 2187 2474 2247 per

270 2259 525 2322 διποδίας
552 2261 891 2324 dimensos:
933 2261 1097 2342 quod
1128 2261 1290 2341 apud
1318 2262 1564 2322 Graecos
1594 2270 1716 2322 tam
1750 2272 2038 2322 constans
2061 2261 2193 2336 fuit,
2242 2272 2307 2323 ut
2332 2264 2504 2324 inde'

270 2360 512 2419 nomi-na
537 2361 806 2421 versibus
835 2360 1178 2431 indiderint,
1225 2379 1297 2419 ac
1341 2361 1633 2420 trimetros
1684 2369 1745 2419 et
1779 2367 2151 2419 tetrametros
2197 2358 2473 2432 dixerint,

270 2474 420 2533 quos
452 2455 649 2515 Latini
682 2449 805 2515 non
848 2456 972 2516 sine
1022 2474 1241 2535 magno
1267 2455 1347 2515 rei
1397 2455 1660 2516 metricae
1700 2456 2098 2529 incommodo,
2124 2457 2383 2517 senarios
2412 2466 2504 2517 et·

270 2552 632 2612 octonarios·
718 2552 876 2613 Hinc
902 2554 1059 2613 enim
1101 2555 1322 2613 factum
1347 2563 1441 2615 est
1485 2563 1553 2613 ut
1578 2561 1747 2612 vetus
1775 2552 1878 2611 illa
1903 2571 2007 2631 per
2034 2564 2221 2611 metra
2244 2553 2502 2613 dimen-·

270 2648 356 2707 sio
384 2648 674 2727 paulatim
702 2649 763 2708 in
805 2648 1256 2710 desuetudinem
1300 2649 1527 2722 abierit,
1570 2660 1631 2709 et
1658 2668 1779 2708 una
1818 2668 1952 2708 cum
2002 2668 2075 2707 ea
2101 2650 2182 2708 rei
2211 2648 2469 2709 metricae

271 2745 542 2818 scientia,
572 2745 733 2825 quod
759 2745 834 2804 ad
863 2746 994 2806 hoec
1016 2767 1289 2806 versuum
1316 2746 1693 2826 genera,fere
1722 2744 2102 2806 interciderit.
2151 2745 2268 2812 Qui
2292 2745 2468 2818 enim,

270 2851 586 2903 metrorum
617 2843 880 2903 subsidio
921 2843 1262 2918 destitutus,
1292 2842 1368 2902 de
1405 2862 1614 2903 versus
1643 2861 1919 2903 mensura
1943 2840 2212 2921 judicare
2242 2840 2494 2919 nequit,‘

271 2940 485 2999 nisiex
533 2939 750 3021 pedum
794 2940 1146 3020 simplicium
1193 2960 1460 3013 numer0,
1503 2961 1616 3002 nec
1639 2941 1768 3021 ipse
1795 2952 2055 3000 veterum
2095 2936 2498 2998 Comicorum*

273 3036 492 3117 scripta
521 3047 660 3116 apte
682 3047 746 3098 et
767 3057 1078 3100 numerose
1104 3038 1284 3117 leget,
1312 3057 1527 3117 neque,
1558 3038 1606 3096 si
1638 3040 1712 3097 ab
1744 3037 1873 3096 aliis
1898 3035 2232 3107 recitentur,
2263 3031 2498 3094 nume-³·

272 3152 393 3192 rum
425 3134 487 3192 in
517 3132 590 3192 iis
632 3133 891 3213 aliquem
939 3133 1380 3214 deprehendet3
1423 3154 1536 3194 nec
1584 3154 1843 3214 unquam
1884 3133 2053 3205 sciet,
2093 3152 2231 3191 uum
2261 3150 2496 3190 versus*

274 3230 393 3289 suis
423 3230 683 3291 numeris
712 3241 967 3306 constet,
1008 3233 1123 3292 nisi
1150 3232 1230 3291 ad
1280 3232 1501 3312 digitos
1544 3233 1763 3311 exigat,
1795 3229 1957 3310 quod
1999 3235 2119 3288 ncn
2156 3228 2500 3288 molestum·

277 3325 475 3399 mod0‚
512 3327 621 3386 sed
664 3335 726 3387 et
770 3328 946 3388 nimis
988 3348 1167 3407 quam
1210 3328 1577 3395 absurdum3
1638 3331 1772 3388 cum
1819 3336 1882 3386 et
1929 3326 2166 3384 nimiam
2210 3319 2271 3382 id
2314 3324 2470 3382 inter

272 3419 590 3500 legendum
617 3423 709 3483 vel
741 3423 1104 3484 audiendum
1132 3443 1379 3497 moram,
1400 3433 1791 3504 praeterquam
1810 3442 1903 3482 res
1920 3423 2161 3501 patitur,
2184 3419 2469 3501 postulet,

274 3519 639 3597 gratiamque
669 3538 902 3581 omnem
932 3531 998 3581 et
1011 3527 1382 3583 venustatem
1410 3539 1785 3581 numerorum
1810 3520 1883 3579 ab
1904 3540 2065 3592 aure,
2091 3517 2259 3597 cujus
2281 3535 2472 3575 unum

276 3624 362 3674 est
390 3613 466 3673 de
492 3618 749 3676 numeris
791 3617 1101 3696 judicium,
1151 3628 1213 3680 et
1256 3620 1350 3679 cui
1378 3617 1747 3680 delectandee
1795 3616 2092 3697 praecipue
2120 3614 2482 3683 inserviunt‚'

277 3710 334 3768 in
362 3721 551 3770 totum
589 3714 827 3773 eximat.
908 3715 1160 3788 Contra,
1203 3716 1305 3796 qui
1333 3716 1599 3777 versibus
1629 3714 1870 3775 comicis
1919 3732 2023 3791 per
2068 3721 2254 3770 metra
2281 3710 2465 3769 dinie-

276 3805 488 3867 tiendis
525 3811 869 3882 assueverit,
907 3812 1115 3872 statim
1160 3833 1234 3872 ex
1275 3814 1405 3893 ipso
1432 3832 1636 3873 versus
1686 3830 1855 3882 sono,
1907 3808 2152 3869 simulac
2196 3807 2464 3880 audierit,

277 3903 443 3964 facile
472 3905 766 3985 intelliget
790 3906 961 3987 cujus
991 3910 1225 3987 generis
1253 3909 1350 3983 sit,
1383 3929 1460 3969 an
1488 3909 1550 3967 in
1592 3917 1759 3986 parte
1804 3904 2003 3983 aliqua
2029 3904 2331 3983 quantitas
2358 3904 2465 3963 de-

277 4001 449 4074 ficiat,
468 4012 580 4062 -aut
604 4003 835 4082 aliquid
864 4004 985 4064 vitii
1014 4005 1093 4065 sit
1117 4002 1177 4064 in
1207 4006 1498 4074 numerisg
1545 4023 1658 4065 nec
1682 4007 1830 4082 opus
1853 4011 1947 4062 est
1974 4000 2050 4060 ad
2069 4000 2359 4080 judicium
2387 3999 2464 4058 de
2489 4003 2493 4010 ’

277 4095 364 4154 his
389 4097 710 4172 ferendum,
739 4110 806 4160 ut
825 4100 884 4159 in
912 4100 1230 4161 'concilium
1257 4101 1478 4180 digitos
1506 4099 1805 4161 adhibeat.

308 4217 317 4222 ⁴
360 4191 504 4253 Haec
532 4195 775 4257 ita-esse
819 4217 916 4257 res
962 4198 1094 4278 ipsa
1141 4198 1550 4278 comprobabit
1585 4194 1866 4274 exemplis
1895 4203 2030 4274 qu'ae
2059 4200 2197 4254 mox
2224 4192 2464 4254 afferam
