3050 4942
1127 368 1496 421 TEREN'rn
1547 368 1752 419 vna.
2454 359 2543 427 35

416 513 493 581 Q.
524 512 859 574 Cosconius
882 513 927 549 ¹³
978 512 1327 577 redeuntem
1351 534 1391 574 a
1419 513 1659 576 Groecia
1691 513 1937 596 periisse
1965 514 2029 577 in
2057 515 2205 576 mari
2231 515 2375 578 dicit
2401 537 2538 578 cum

334 621 572 671 eentum
603 619 666 670 et
690 619 830 672 octo
859 611 1123 684 Fabulis,
1151 612 1456 675 conversis
1499 631 1537 673 a
1577 611 1933 674 Menandro.
2017 613 2216 674 Ceteri
2243 624 2538 675 mortuum

332 725 467 766 esse
497 706 558 765 in
589 707 861 768 Arcadiae
891 708 1321 788 Stymphalo,¹⁴
1347 710 1468 771 sive
1499 708 1801 771 Leucadia
1830 707 2095 783 tradunt,
2120 710 2233 771 Cn.
2261 711 2540 773 Cornelio

336 804 679 879 Dolabella,
709 805 797 864 M.
830 805 1040 865 Fulvio
1068 805 1374 866 Nobiliore
1403 806 1580 867 Coss,
1609 805 1815 866 morbo
1858 805 2205 887 implicitum
2241 807 2384 881 acri,
2433 807 2542 868 do-

333 902 458 961 lore
489 921 561 963 ac
591 902 772 962 taedio
802 902 1151 964 amissarum
1179 903 1618 976 sarcinarum,¹⁵
1641 902 1871 982 quasin
1901 902 2039 962 navi
2063 903 2444 984 praemiserat,
2474 924 2545 965 ac

334 996 510 1058 simul
555 999 915 1060 Fabulamm
959 1018 1112 1081 quas
1163 1020 1349 1061 novas
1394 1000 1639 1061 fecerat.
1744 998 1954 1062 Fuisse
2002 999 2217 1060 dicitur
2263 1000 2545 1063 mediocri

335 1104 586 1168 statura,
615 1095 821 1176 gracili
849 1116 1120 1178 corpore,
1163 1098 1364 1158 colore
1403 1098 1597 1159 fusc0.
1680 1095 1948 1176 Reliquit
1983 1096 2186 1171 filiam,
2227 1117 2363 1177 quoe
2409 1108 2548 1179 post

335 1190 525 1272 equiti
553 1192 827 1254 Romano
855 1194 1078 1274 nupsit.
1162 1195 1311 1255 Item
1342 1194 1611 1254 hortulos
1644 1214 1765 1254 xx.
1784 1193 2084 1274 jugerum,
2119 1193 2217 1254 via
2244 1192 2440 1275 Appia
2468 1192 2545 1253 ad

339 1289 558 1349 Martis
586 1288 786 1350 villam
812 1309 827 1350 :
871 1310 992 1370 quo
1014 1292 1207 1373 magis
1232 1292 1427 1366 miror,
1455 1291 1721 1354 Portium
1750 1291 2025 1366 scribere,

1391 1441 1537 1503 nihil
1562 1440 1810 1504 Publius

509 1539 710 1621 Scipio
737 1539 978 1619 profuit,
1006 1538 1154 1599 nihil
1182 1538 1237 1601 ei
1266 1537 1505 1612 Laelius,
1534 1538 1679 1600 nihil
1708 1538 1960 1610 Furius;

503 1635 650 1698 Tres
678 1657 784 1717 per
808 1636 967 1698 idem
994 1647 1228 1716 tempus
1252 1636 1356 1716 qui
1386 1637 1698 1717 agitabant
1724 1635 1956 1698 nobiles
1978 1636 2275 1699 facillime.

501 1734 723 1795 Eorum
749 1734 852 1796 ille
881 1754 1062 1816 opera
1089 1755 1167 1796 ne
1190 1734 1433 1797 domum
1460 1733 1702 1814 quidem
1729 1733 1942 1795 habuit
1964 1732 2424 1794 conductitiam:
2493 1743 2498 1748 “

505 1829 734 1892 Saltem
759 1842 830 1893 ut
853 1842 1035 1908 esset,
1064 1851 1186 1913 quo
1213 1831 1455 1893 referret
1479 1831 1708 1893 obitum
1735 1830 1962 1892 domini
1988 1830 2278 1892 servulus.

423 1990 609 2050 Hunc
657 1989 930 2051 Afranius
983 1989 1222 2071 quidem
1268 1989 1544 2050 omnibus
1589 1990 1829 2050 comicis
1873 1990 2130 2071 praefert,
2180 1991 2442 2051 scribens
2490 1992 2552 2051 in

338 2086 777 2167 Compitalibus
801 2106 818 2147 ε
862 2093 879 2121 ‘
906 2085 1180 2148 Terentio
1208 2107 1330 2148 non
1359 2087 1610 2147 similem
1640 2087 1803 2148 dices
1832 2088 2210 2168 quempiam!

420 2182 739 2244 Volcatius
768 2192 963 2244 autem
996 2203 1115 2244 non
1146 2183 1340 2245 solum
1368 2183 1602 2258 Naevio,
1645 2197 1707 2244 et
1754 2184 1993 2258 Plauto,
2037 2193 2098 2244 et
2138 2184 2402 2258 CaeciliO,
2446 2185 2553 2245 sed

343 2280 575 2340 Licinio
603 2298 841 2360 quoque
867 2279 1195 2362 postponit.
1280 2279 1490 2340 Cicero
1518 2279 1580 2339 in
1624 2278 1940 2343 Limone¹⁶
1975 2280 2263 2343 hactenus
2307 2281 2555 2343 laudat:

593 2437 680 2498 Tu
712 2459 972 2519 quoque,
1000 2437 1102 2519 qui
1132 2439 1295 2499 solus
1324 2439 1481 2500 lecto
1510 2458 1800 2511 sermone,
1828 2441 2084 2513 Terenti,

498 2600 513 2606 ,
592 2535 964 2596 Conversum
994 2555 1462 2617 expressumque
1492 2537 1703 2597 Latina
1729 2556 1875 2597 voce
1905 2537 2304 2597 Menandrum

590 2631 663 2690 In
691 2631 888 2692 medio
910 2629 960 2662 ¹⁷
988 2632 1196 2711 populi
1224 2632 1448 2694 sedatis
1478 2633 1723 2697 vocibus
1752 2632 1965 2702 effers:

599 2726 903 2808 Quicquid
923 2726 974 2765 ¹⁸
1004 2748 1171 2790 come
1199 2728 1473 2809 loquens,
1503 2747 1576 2789 ac
1603 2729 1803 2789 omnia
1824 2729 2026 2791 dulcia
2053 2730 2279 2793 dicens.

346 2940 503 3000 Item
537 2937 610 2999 C.
643 2933 849 3000 Caesar
874 2959 892 2999 ι

601 3076 693 3138 Τιι
718 3094 958 3157 quoque
985 3088 1052 3137 tu
1080 3076 1141 3135 in
1170 3076 1440 3151 summis,
1466 3095 1507 3137 o
1535 3077 1843 3171 dimidiate
1871 3079 2226 3156 Menander,

602 3172 872 3249 Poneris,
902 3182 965 3234 et
987 3174 1219 3247 merito,
1248 3174 1383 3254 puri
1409 3175 1696 3236 sermonis
1727 3186 1977 3250 amator,

605 3270 863 3332 Lenibus
892 3280 1071 3351 atque
1097 3271 1325 3332 utinam
1353 3270 1589 3354 scriptis
1616 3272 1904 3354 adjuncta
1928 3274 2080 3336 foret
2104 3276 2196 3338 vis

429 3473 492 3519 13
530 3467 596 3525 Q.
616 3466 894 3532 Cosconius]
927 3466 1015 3518 Ita
1050 3479 1121 3517 ex
1155 3467 1286 3520 Mu.
1322 3467 1430 3519 edi·
1580 3475 1641 3523 15
1676 3471 2007 3538 Suetium]
2040 3473 2136 3525 Nu
2154 3473 2445 3525 verissime
2464 3475 2568 3524 lec·

360 3546 571 3606 dimnsg
605 3546 741 3610 vulg.
785 3547 1035 3596 hactenus
1075 3543 1180 3597 fuit
1231 3545 1432 3596 cmen-
1511 3547 1675 3614 tione,
1693 3565 1846 3616 quam
1867 3564 2044 3601 omnes
2067 3551 2259 3616 scripti
2271 3550 2424 3602 cedd.
2441 3564 2576 3615 pm·

359 3622 478 3673 tius.
557 3622 867 3673 Cosconium
910 3621 1090 3673 laudat
1130 3623 1319 3687 Varro,
1362 3623 1432 3674 de
1511 3624 1709 3691 ferum,
1726 3632 1953 3693 excepto
1971 3642 2091 3690 nno,
2110 3628 2165 3678 in
2187 3627 2574 3693 quoschamm

364 3699 517 3764 Ling.
556 3699 671 3750 Lat.
713 3698 807 3750 lib.
843 3712 898 3750 v,
945 3698 1026 3748 Id.
1105 3696 1216 3749 Alii
1261 3699 1431 3752 Conse·
1510 3711 1645 3754 erat.
1710 3705 1884 3770 Vulgo
1903 3706 2160 3756 maenus
2177 3704 2369 3767 legitur
2390 3705 2575 3763 myra·

359 3787 476 3837 fias,
1509 3795 1656 3841 rum
1702 3782 1797 3832 sed
1846 3781 1907 3832 id
1953 3794 2021 3832 ne
2063 3778 2306 3830 titivilitii
2345 3776 2571 3843 quidem.

433 3867 497 3913 14
553 3863 803 3913 Mortuum
835 3877 934 3914 esse
970 3863 1025 3914 in
1064 3860 1290 3915 Arcadia
1326 3863 1430 3929 3.]
1513 3857 1592 3908 ld·

368 3938 476 3989 Alii
507 3939 560 3993 in
580 3939 791 3990 Arandis
827 3939 1100 4005 Stymphali
1127 3940 1256 3993 εἰμι.
1318 3938 1429 3991 Aa.
1578 3936 1642 3982 16
1672 3932 1890 3996 Licinio]
1918 3930 2196 3982 Mansio.
2227 3929 2312 3981 Id.

364 4015 542 4065 sonim
580 4015 649 4065 ad
670 4016 918 4067 Ursulum
938 4017 1006 4067 de
1027 4016 1234 4067 senario
1255 4032 1433 4068 nnme-
1582 4014 1641 4060 1⁷
1684 4008 1749 4059 1²⁸
1786 4009 1959 4074 miv,
2006 4007 2117 4073 ἐῶ]
2168 4008 2276 4059 M⁸·
2318 4006 2460 4057 ΒΨ·
2513 4005 2576 4055 1¹⁸

369 4105 428 4140 ro
447 4108 464 4141 ι
497 4093 514 4120 ‘
536 4091 764 4142 Protulit
799 4092 854 4141 in
894 4107 1105 4143 scenam
1147 4100 1278 4159 quot
1313 4094 1433 4144 dra-
1511 4087 1718 4138 medium
1733 4086 1867 4136 ²1⁰1>ss
1880 4085 2077 4149 δθᾶᾱίἱθ,
2097 4088 2179 4150 &²⁶-
2210 4084 2294 4134 Id·

371 4172 517 4215 mata
534 4165 882 4230 Fabellarnm,
897 4165 1142 4218 Arcadias
1158 4170 1329 4221 medio
1343 4169 1433 4236 qui
1502 4230 1507 4235 .
1581 4167 1643 4217 18
1660 4162 1921 4228 an’eqm‘d]
1939 4163 2044 4217 MD·
2062 4162 2297 4225 Qtfldm
2312 4175 2330 4214 .·
2347 4159 2414 4212 ⁸¹·
2432 4158 2578 4218 08ῧο-

365 4240 513 4302 jacet
534 4239 586 4290 in
616 4243 812 4306 gremio
830 4241 868 4291 2’
899 4242 1046 4294 find.
1512 4242 1651 4306 quod.
1686 4241 1770 4292 Id.
