3050 4942
491 380 624 453 354
1236 398 1299 445 P.
1345 394 1710 445 'renisum
1761 395 1936 444 Arm

499 542 676 623 Quis
706 540 989 608 videor-'l
1080 539 1216 605 CH.
1262 540 1474 607 Miser
1519 560 1739 623 aeque,
1792 546 1991 627 atque
2020 559 2170 623 ego.
2258 540 2401 605 DA.
2449 538 2694 607 Consi-³

754 644 916 707 lium
948 663 1201 727 quaero.
1288 643 1424 709 CH.
1470 643 1717 708 Fortis,
2271 654 2280 661 “

497 746 634 812 ΡΑ.
681 746 840 810 Scio
890 747 1051 829 quid
1103 767 1369 811 conere.
1460 746 1602 811 DA.
1648 746 1806 811 Hoc
1836 765 1963 830 ego
1997 745 2122 811 tibi
2161 745 2469 830 profecto
2497 744 2695 811 effec-

751 854 893 913 tum
923 848 1213 914 reddam.
2604 848 2694 911 20

496 949 629 1014 ΡΑ.
660 950 707 1015 J
713 970 823 1015 am
851 951 981 1015 hoc
1008 971 1181 1034 opus
1214 958 1342 1015 est.
1433 952 1575 1016 DA.
1608 952 1792 1031 Quin
1825 952 1969 1037 jam
1998 951 2239 1016 habeo.
2329 948 2468 1015 CH.
2501 949 2689 1028 Quid

752 1054 904 1125 est'l
995 1053 1135 1117 DA.
1168 1053 1383 1131 Huic),
1415 1074 1549 1119 non
1580 1055 1706 1118 tibi
1736 1055 2091 1133 habe0,·ne
2119 1071 2313 1117 erreS.

496 1157 631 1223 CH.
662 1158 782 1222 Sat
808 1157 1048 1221 habeo.
1134 1156 1265 1222 ΡΑ.
1320 1156 1508 1235 Quid
1536 1158 1793 1222 facies?
1842 1156 2038 1222 cedo,
2128 1155 2272 1220 DA.
2326 1153 2499 1225 Dies
2530 1154 2689 1219 mihi

751 1260 858 1323 hic
887 1265 961 1323 ut
990 1260 1081 1324 sit
1110 1261 1279 1325 satis
1310 1280 1544 1326 vereor

497 1438 604 1487 Cn.
634 1438 786 1500 AEque
800 1436 919 1486 mihi
938 1438 1115 1487 videris
1135 1439 1279 1487 miser
1293 1452 1410 1499 esse,
1430 1444 1574 1501 atque
1588 1452 1690 1499 ego.
1756 1437 1867 1486 DA.
1906 1437 2164 1486 Consilium
2192 1451 2367 1500 qum-o,
2397 1442 2454 1485 ut
2484 1436 2561 1486 his
2579 1451 2690 1499 nup-

492 1502 580 1550 tiis
599 1517 671 1549 me
692 1502 953 1565 expediam.
1018 1503 1121 1552 CH.
1157 1503 1323 1553 Fortis
1338 1517 1401 1564 es,
1421 1504 1502 1566 qui
1525 1505 1577 1551 id
1596 1517 1794 1565 quaeras.
1862 1501 1960 1551 ΡΑ.
1996 1503 2107 1552 Scio
2123 1502 2234 1564 quid
2254 1503 2459 1562 coneris,
2478 1507 2527 1550 et
2551 1517 2689 1563 quam

493 1567 684 1631 difficile
703 1569 769 1616 sit
782 1567 835 1616 id
857 1567 1095 1632 perficere.
1165 1569 1275 1617 DA.
1311 1569 1421 1616 Hoc
1443 1583 1528 1629 ego
1550 1568 1640 1616 tien·
1660 1566 1890 1630 profecto,
1911 1569 2031 1628 quod
2051 1567 2227 1626 inveni,
2246 1566 2469 1630 effectum
2481 1568 2687 1626 reddam,

494 1631 761 1694 Pamphile.
827 1631 930 1681 ΡΑ.
965 1634 1080 1680 Jam
1101 1633 1184 1682 hoc
1205 1647 1319 1695 opus
1339 1639 1429 1693 est,
1464 1634 1583 1695 quod
1604 1633 1678 1681 ais
1698 1639 1746 1679 te
1776 1631 2069 1695 effecturum.
2134 1632 2245 1680 DA.
2284 1631 2415 1685 Quin
2423 1630 2534 1690 jam
2554 1630 2693 1679 Ιιαόεο

488 1701 730 1759 paratum,
753 1702 808 1744 ot
827 1696 995 1746 statim
1012 1697 1064 1746 id
1083 1712 1303 1761 exequor.
1347 1699 1453 1747 cn.
1480 1697 1610 1752 Quid
1632 1701 1699 1744 est
1717 1693 1742 1745 12
1794 1698 1896 1745 DA.
1924 1696 2036 1744 Non
2058 1696 2109 1744 id
2130 1695 2399 1756 excogitavi
2424 1696 2495 1743 tui
2509 1694 2695 1756 gratim

492 1763 575 1809 sed
597 1761 839 1824 Pamphili
855 1776 874 1818 ,·
906 1777 964 1811 ne
984 1777 1127 1811 erres.
1195 1763 1299 1812 Cn.
1333 1764 1440 1824 Ego
1468 1764 1587 1810 satis
1606 1761 1767 1822 liabeo,
1790 1762 1835 1809 si
1864 1760 1975 1809 huic
1995 1762 2220 1809 consulas.
2287 1759 2388 1808 ΡΑ.
2421 1760 2522 1807 Dio
2553 1759 2688 1820 mihi,

495 1825 654 1892 Dave,
674 1828 786 1890 quid
795 1826 951 1886 facies
969 1827 1063 1876 mei
1078 1842 1216 1876 eausa
1232 1825 1257 1877 ‚⁹
1322 1829 1429 1877 DA.
1473 1827 1664 1890 Vereor,
1686 1832 1738 1875 ut
1764 1827 1841 1875 hic
1872 1825 1972 1875 dies
1992 1826 2112 1874 milii
2132 1824 2351 1890 sufficiet,
2371 1827 2435 1873 ad
2457 1825 2690 1886 agendum

1411 1953 1440 1972 O
1444 1953 1500 1972 ‘O
1505 1952 1681 1973 OO‘ON
1686 1951 1774 1973 ‘N

492 2036 544 2086 h.
569 2037 606 2087 1.
626 2043 685 2087 et
709 2036 1049 2103 Oudendorp.
1073 2039 1139 2088 ad
1162 2040 1302 2089 Hirt.
1337 2038 1404 2089 de
1444 2039 1581 2089 Bell.
1606 2037 1773 2089 Afric.
1799 2052 1847 2088 c.
1873 2037 1969 2086 103
2005 2038 2069 2088 R.
2089 2039 2291 2087 D.-19
2324 2035 2693 2085 Hallueinatur

495 2102 752 2165 DonatuS,
782 2105 1102 2168 existimans,
1131 2104 1458 2167 Pamphilum
1496 2105 1634 2153 velle
1679 2102 2019 2153 constantiam
2055 2116 2195 2151 suam
2235 2101 2462 2164 probari,
2495 2107 2552 2149 et
2589 2099 2689 2149 sibi

494 2165 619 2227 dici,
655 2168 832 2216 Fortis.
899 2170 1069 2221 Qunam
1111 2170 1420 2217 sententiam
1460 2175 1670 2218 secutus
1713 2173 1769 2216 et
1821 2169 2022 2230 planius
2074 2165 2412 2229 expediturus
2450 2166 2691 2227 Guyetns

492 2229 630 2278 hunc
664 2245 868 2280 versum
907 2248 1000 2281 suo
1039 2247 1180 2280 more
1219 2234 1371 2281 aliter
1408 2233 1658 2296 disponit,
1692 2232 1802 2283 ita:
1864 2232 1984 2289 Quis
2014 2231 2206 2280 videor?
2277 2231 2382 2279 Cn.
2421 2230 2606 2292 Fortis,
2638 2234 2693 2278 at

491 2294 635 2343 ”siser
654 2309 783 2356 aeque
802 2300 941 2358 atque
968 2311 1070 2356 ego.
1116 2298 1222 2346 DA.
1259 2297 1520 2345 Consilium
1542 2312 1715 2360 qua-ro.
1752 2298 1817 2347 T.
1838 2297 2006 2346 Faber
2029 2298 2241 2360 primus,
2259 2296 2462 2359 opinor,
2476 2295 2695 2356 monuit,

494 2371 561 2405 ex
587 2359 778 2408 Donati
801 2362 870 2408 Et
893 2360 1064 2420 fortis,
1093 2361 1392 2420 Charinum,
1424 2361 1573 2424 cujus
1603 2376 1773 2410 sermo
1812 2377 1843 2410 a
1882 2362 2035 2410 Davo
2074 2368 2188 2410 erat
2221 2361 2566 2422 interruptim,
2600 2358 2692 2407 ubi

493 2425 863 2488 respondisset,
907 2426 1103 2474 ‘Miser
1143 2440 1289 2490 aeque
1329 2432 1486 2488 atque
1526 2425 1661 2489 ego,'
1697 2427 1941 2475 continuo
1986 2425 2268 2486 addidisse,
2315 2424 2383 2474 Aa
2419 2424 2576 2485 fortis
2624 2438 2690 2473 es.

493 2486 794 2537 Perizonius
820 2490 1196 2553 suspicabatur,
1225 2489 1281 2539 τὸ
1306 2491 1470 2539 Fortis
1490 2489 1725 2554 εἴρωνικῶς
1751 2492 1901 2540 Davo
1921 2505 2024 2539 non
2048 2505 2077 2539 a
2100 2490 2340 2550 Charino,
2371 2488 2464 2538 sed
2486 2504 2518 2536 a
2540 2488 2692 2537 Pam·

491 2551 636 2614 philo
660 2553 867 2604 dictum.
938 2555 1099 2604 Patet
1121 2561 1289 2604 autem
1311 2569 1378 2603 ex
1397 2555 1572 2604 verbis
1590 2553 1748 2618 Davi,
1774 2555 2100 2620 Pamphilum
2127 2556 2346 2604 voluisse
2368 2568 2425 2603 se
2449 2554 2690 2602 miserum

493 2616 616 2676 dici,
649 2632 748 2668 non
785 2617 993 2669 fortem.
1064 2621 1261 2683 Quare,
1310 2635 1426 2669 cum
1471 2620 1709 2680 dixisset,
1744 2621 1759 2647 ‘
1784 2621 1914 2671 Quis
1951 2618 2177 2669 videori'
2229 2625 2283 2668 et
2321 2619 2577 2667 Charinus
2615 2632 2691 2667 re·

490 2682 798 2747 spondisset,
842 2685 1041 2733 ‘Miser
1079 2699 1227 2749 aeque
1275 2689 1432 2749 atque
1491 2685 1623 2746 ego‚’
1668 2684 1873 2734 videtur
1916 2685 2217 2747 Pamphilus
2261 2685 2457 2733 vultum
2500 2684 2689 2732 iratum

489 2745 773 2796 intendisse
797 2750 849 2796 in
874 2751 1113 2810 Davum;
1149 2751 1253 2814 qui,
1286 2755 1346 2798 ut
1383 2749 1546 2798 leniat
1581 2750 1708 2798 iram
1750 2749 1928 2798 herilis
1958 2748 2069 2809 filii,
2104 2749 2300 2812 regerit
2336 2747 2484 2809 illud,
2516 2750 2532 2777 ‘
2554 2748 2688 2796 Con-

491 2812 658 2860 silium
681 2813 895 2876 quaero!
960 2814 1109 2866 Quod
1135 2815 1348 2863 audiens
1371 2815 1641 2876 CharinnS,
1668 2815 1832 2863 Fortis
1851 2829 1917 2874 es,
1951 2814 2136 2877 inquit.
2204 2813 2381 2877 Atque
2420 2813 2497 2860 ita
2533 2813 2687 2861 estin

491 2877 622 2925 Mss.
646 2879 966 2940 quibusdam,
1001 2886 1056 2927 et
1073 2879 1334 2927 editorum
1358 2878 1737 2927 vetustissimis.
1806 2878 1952 2927 Citra
1973 2877 2190 2927 ironiam
2216 2886 2388 2927 autem
2414 2877 2465 2924 id
2493 2877 2688 2925 dictum

491 2955 520 2988 a
544 2942 782 3003 Charino,
815 2958 878 2990 ex
900 2943 1234 3004 sequentibus
1274 2942 1565 3000 conficitur,
1597 2942 1686 2991 ubi
1721 2943 2029 3005 participem
2070 2957 2126 2991 se
2163 2942 2274 2991 fieri
2315 2941 2518 2990 consilii
2556 2941 2689 2989 illins

490 3007 627 3052 serio
649 3007 866 3067 expetit.
907 3007 1059 3056 West.
1123 3008 1219 3055 Pr.
1244 3006 1375 3056 Inst.
1400 3008 1490 3056 lib.
1515 3020 1664 3056 xvn.
1700 3007 1822 3063 Quis
1843 3007 1932 3054 tibi
1948 3004 2151 3057 videor?
2185 3007 2380 3056 addens
2400 3005 2459 3053 τὸ
2481 3010 2496 3033 ⁸
2525 3005 2685 3057 Quis’

488 3076 689 3132 notare,
721 3070 916 3121 Qualis.
948 3072 1026 3119 Id.
1050 3071 1100 3118 in
1122 3071 1250 3118 Add.
1318 3073 1489 3134 AEque,
1515 3078 1655 3136 atque
1676 3085 1776 3132 ego.
1845 3072 2137 3120 Postremae
2162 3071 2276 3120 duae
2315 3085 2467 3120 voces
2498 3071 2552 3119 in
2586 3071 2686 3120 Ms-

489 3146 590 3179 non
614 3141 782 3184 erant.
815 3135 960 3183 Liml.
1029 3135 1344 3184 ‘Consilium
1369 3136 1575 3200 quaero’
1604 3137 1732 3185 dicit
1766 3137 1979 3185 Davus:
2014 3137 2132 3199 lege
2157 3135 2373 3193 Forli's,·
2406 3136 2520 3184 haec
2554 3136 2687 3184 Cho·

491 3198 630 3244 rinus
652 3194 751 3247 nim
775 3199 1063 3262 Pamphilo,
1097 3200 1186 3247 sed
1231 3203 1379 3248 Davo
1424 3201 1586 3250 dicit:
1620 3201 1909 3264 sequentia,
1943 3200 2051 3249 Scio
2090 3200 2202 3263 quid
2236 3214 2419 3262 sonere,
2453 3200 2690 3262 emenda,

490 3260 550 3308 Si
570 3263 682 3324 quid
701 3279 881 3324 conere,
915 3274 970 3312 et
990 3263 1159 3312 tribue
1194 3265 1294 3326 ipsi
1318 3265 1561 3314 Charino.
1629 3266 1762 3314 Nam
1799 3264 2023 3312 nondum
2058 3271 2235 3327 potest
2270 3267 2432 3313 iratus
2466 3265 2685 3327 Pamph.

487 3325 673 3375 blande
698 3329 834 3392 loqui
857 3343 972 3378 cum
1003 3330 1172 3378 Davo.
1208 3331 1355 3378 Bent.
1405 3331 1564 3380 Bent.
1584 3329 1850 3393 eleganter
1870 3330 1999 3390 legit
2023 3330 2187 3379 Fortis
2203 3345 2272 3387 es,
2292 3330 2352 3378 Si
2374 3331 2490 3392 quid
2506 3343 2688 3378 conere-

489 3391 554 3439 R.
580 3392 647 3440 D.
716 3393 951 3442 Assentit
975 3393 1115 3441 Perl.
1139 3396 1224 3457 qui
1249 3401 1430 3443 notatx
1467 3396 1661 3443 εΒθηῐ.
1698 3411 1764 3442 ex
1803 3408 1887 3443 un.
1923 3395 2040 3444 cod.
2089 3396 2195 3443 CH.
2232 3394 2425 3453 Forti’S,
2459 3393 2520 3442 Si
2556 3393 2686 3456 qnid.

489 3456 620 3507 Quae
643 3457 763 3506 lect.
790 3465 1008 3520 praestat
1030 3458 1294 3519 vulgatas)
1356 3461 1557 3522 ‘Vulgo
1579 3458 1689 3508 Soio
1710 3459 1822 3522 quid
1842 3472 2021 3522 contere,
2051 3472 2116 3506 ex
2148 3460 2244 3508 int.
2311 3459 2354 3509 C
2385 3460 2589 3519 conaris,
2620 3473 2686 3507 ex

486 3535 582 3569 usu
611 3521 822 3570 Graeco.
889 3524 1042 3573 Bent.
1065 3524 1123 3573 Si
1146 3525 1260 3585 quid
1280 3538 1456 3581 canere,
1492 3530 1684 3585 praeter
1710 3523 2106 3572 necessitatem!
2140 3525 2288 3572 Both.
2310 3526 2395 3588 qui
2421 3525 2498 3572 sic
2523 3522 2679 3586 legit:

488 3586 588 3634 ΡΑ.
623 3586 821 3635 Fortis!
855 3587 966 3636 Scio
987 3589 1099 3650 quid
1118 3587 1324 3638 donare!
1387 3590 1494 3649 Ego
1516 3595 1635 3652 post
1657 3589 1672 3617 ‘
1694 3589 1821 3639 Quis
1838 3587 1853 3609 ²
1878 3587 2050 3636 Guelf.
2072 3591 2121 3636 3.
2153 3588 2320 3637 Fortis
2334 3604 2383 3637 es
2403 3591 2582 3636 2.-21
2619 3587 2683 3635 In

487 3651 590 3700 Ms.
612 3649 670 3699 τὺ
689 3652 830 3701 habeo
854 3653 1019 3703 deest.
1055 3653 1332 3702 Lim-22
1367 3654 1575 3703 Colloca
1599 3668 1627 3702 e
1653 3652 1795 3701 libris
1817 3652 2002 3702 Fae‘rni
2024 3652 2145 3702 Dies
2175 3654 2241 3702 mi
2275 3653 2355 3702 hic
2384 3658 2440 3702 ut
2458 3651 2579 3702 satis
2598 3653 2679 3702 sit.

1477 3782 1693 3833 NOTAE

552 3881 614 3925 19
650 3876 908 3927 Consilium
930 3878 1109 3941 quoero]
1134 3878 1324 3928 Melius
1343 3886 1425 3928 est
1441 3879 1540 3929 hoc
1624 3892 1734 3926 rum
1759 3874 1967 3939 reddas,
1991 3886 2046 3928 et
2069 3894 2132 3928 ex
2160 3878 2274 3928 unis
2297 3878 2493 3942 nuptiis
2528 3879 2683 3943 gemi-

486 3965 518 3999 a
542 3951 694 4001 Davo
719 3953 842 4014 dici,
860 3968 1013 4017 qnam
1037 3969 1068 4003 a
1093 3954 1380 4017 Pamphilo.
1622 3968 1715 4002 nas
1758 3954 1881 4002 mibi
1925 3953 2186 4005 conficias,
2251 3953 2357 4003 Sed
2410 3969 2515 4003 non
2563 3968 2679 4003 esse

548 4029 613 4074 20
647 4025 756 4075 Soio
791 4028 905 4089 quid
945 4028 1130 4090 conere]
1184 4030 1239 4079 Si
1282 4028 1542 4094 Pamphili
1620 4044 1891 4091 personam
1923 4030 2181 4092 Pamphili
2217 4045 2284 4079 ex
2318 4029 2565 4094 subjectis
2597 4044 2678 4080 os·

486 4107 569 4150 est
605 4117 845 4165 persona,
884 4105 1065 4154 Ironia
1096 4113 1177 4155 est
1209 4107 1262 4154 in
1295 4107 1536 4167 Davum;
1623 4107 1869 4156 tenditur.
1934 4106 1986 4155 si
2042 4106 2249 4155 Charini
2303 4112 2385 4155 est
2442 4120 2685 4170 persona,

485 4183 540 4226 et
579 4193 755 4226 sensus
797 4186 897 4241 est,
931 4187 991 4228 ut
1027 4194 1208 4243 snpra:
1255 4181 1370 4231 Scio
1416 4182 1536 4247 quid
1620 4197 1802 4233 sensus
1841 4188 1954 4232 est:
1998 4183 2117 4231 Scio
2155 4181 2278 4246 quid
2322 4196 2545 4244 conere3
2581 4182 2678 4234 sed

487 4266 703 4314 conere;
734 4267 919 4317 nempe
957 4262 1017 4305 ut
1053 4258 1240 4306 iterum
1270 4272 1354 4321 me
1388 4259 1541 4308 mise·
1617 4273 1683 4308 an
1704 4257 1911 4311 efficere
1934 4258 2096 4323 possis
2118 4258 2320 4309 neseio.
