3050 4942
532 382 660 449 184
1141 396 1567 448 JoAcmMus
1614 396 2108 446 munivimus

774 541 1024 599 Fateor:
1068 540 1162 598 abi
1188 537 1502 618 deprome:
1546 557 1657 617 age
1681 547 1750 598 tu
1778 538 2000 599 interea
2023 538 2162 599 huic
2184 537 2506 598 somnium:

533 638 628 698 abi
648 636 772 707 ·de,
823 634 1141 715 spondaeus
1167 654 1183 694 :
1240 633 1378 694 huic
1425 654 1575 708 som,
1620 634 1934 716 spondaeus
1958 654 1975 695 :
2026 639 2140 696 κατ’
2180 638 2621 715 ἐπισυναλοιφὴν
2649 639 2711 691 et

535 736 848 806 συνίέησιν.

716 845 727 852 “
772 827 1227 910 Superstitiosus
1254 827 1351 887 hic
1378 825 1616 906 quidem
1644 836 1756 899 est,
1781 837 1922 886 vera
1950 828 2266 906 praedicat:

534 926 784 995 Quidem
812 940 905 988 est
931 948 1026 1000 ve,
1054 924 1372 1006 spondaeus
1403 928 1517 984 κατ’
1546 927 2015 1004 ἑπισυναλοιφὴνε
2058 925 2190 985 haec
2218 924 2447 987 collisio
2474 925 2709 985 creber-

530 1027 673 1086 rime
701 1025 950 1087 occurrit
977 1024 1036 1083 in
1066 1022 1301 1084 comicis
1330 1021 1615 1082 versibus.

693 1124 809 1192 Qui
833 1122 1127 1203 perjurum
1156 1120 1464 1181 convenire
1490 1120 1619 1180 vult
1641 1119 1959 1190 hominem,
1988 1118 2153 1179 mitto
2179 1119 2240 1179 in
2266 1120 2600 1180 comitium:

531 1219 609 1280 Ni
638 1241 698 1281 re
725 1222 870 1291 vult,
898 1218 1238 1299 spondaeus,
1268 1217 1416 1277 elisa
1439 1238 1499 1287 u,
1530 1236 1635 1298 pro
1663 1225 2048 1277 consonante.

636 1393 641 1397 ᾗ
771 1319 904 1387 Quo
930 1317 982 1375 is
1008 1316 1185 1376 homo
1211 1314 1527 1374 insinuavit
1551 1315 1707 1374 facto
1737 1334 1801 1374 se
1831 1313 1910 1373 ad
1934 1312 2039 1373 te?
2079 1333 2184 1393 per
2224 1313 2541 1394 Dionysia:

531 1414 661 1481 Quo
690 1414 740 1473 is
768 1414 867 1487 he,
895 1413 1196 1494 τρίβραχυς
1223 1417 1363 1472 κατὰ
1388 1411 1663 1489 διαίρεσιν
1691 1411 1940 1491 syllaba,
1968 1410 2125 1480 Qun.

690 1493 845 1570 Nam
873 1530 1005 1571 eum
1032 1521 1198 1590 pater
1214 1510 1340 1590 ejus
1370 1509 1633 1588 subegit:
1676 1528 1834 1569 nunc
1860 1527 1994 1568 mea
2019 1518 2205 1569 mater
2230 1508 2380 1569 irata
2408 1518 2502 1568 est
2525 1508 2705 1568 mihi:

530 1607 682 1667 Nam
713 1627 844 1667 eum
872 1618 1057 1686 pater,
1086 1606 1359 1687 dactylus
1388 1616 1517 1666 est:
1563 1605 1690 1685 ejus
1720 1606 1851 1677 sub,
1902 1613 2008 1665 aut
2032 1606 2306 1687 dactylus
2334 1606 2709 1689 liquescente

528 1723 554 1763 s
583 1724 597 1763 :
642 1716 743 1764 aut
770 1705 1084 1777 trochaeuS,
1113 1709 1227 1764 κατ’
1255 1707 1713 1784 ἑπισυναλοιφὴν,
1742 1712 1830 1775 ut,
1858 1700 2005 1781 ejus,
2042 1722 2164 1763 una
2191 1703 2269 1763 sit
2294 1703 2541 1783 syllaba.

768 1802 961 1881 Hujus
989 1822 1124 1881 quae
1151 1802 1351 1862 locuta
1374 1811 1468 1861 est
1495 1819 1756 1881 quaerere
1785 1801 1981 1859 aiebas
2010 1799 2226 1859 filiam:

528 1897 751 1978 Hujus,
771 1904 884 1959 κατ’
912 1902 1369 1980 ἐπισυναλοιφὴν,
1396 1919 1518 1958 una
1547 1898 1810 1979 syllaba:
1859 1898 2030 1969 sicut,
2060 1898 2280 1969 aiebas,
2308 1895 2466 1957 duae.

767 1996 896 2075 Ego
923 1994 1000 2055 ad
1029 2013 1203 2056 anum
1229 2006 1463 2055 recurro
1490 2014 1740 2055 rursum.
1825 1992 2165 2078 Lampadio,
2194 1995 2470 2053 obsecro:

527 2092 649 2149 Aut
688 2101 801 2163 est,
850 2091 979 2169 Ego
1007 2089 1084 2149 ad
1125 2110 1321 2162 anum,
1368 2102 1727 2169 anapaestuS,
1758 2087 2232 2167 pronuntiatione
2260 2108 2293 2148 e
2336 2087 2556 2148 initiale
2583 2089 2709 2149 col-

522 2186 821 2265 liquante:
867 2197 971 2246 aut
998 2186 1169 2246 etiam
1224 2187 1427 2266 prioris
1455 2186 1569 2246 hoc
1606 2206 1740 2246 cum
1766 2205 1969 2246 versus
1997 2186 2217 2246 ultimae
2245 2184 2519 2246 dictionis
2546 2183 2709 2244 finali

526 2281 772 2363 syllaba,
801 2292 869 2342 ut
889 2303 1048 2362 saepe
1071 2281 1165 2356 fit,
1195 2282 1534 2343 collidente.

606 2378 824 2439 Videar
850 2379 1100 2460 fortasse
1127 2379 1189 2437 in
1227 2379 1318 2438 his
1348 2378 1522 2439 alicui
1565 2378 1734 2439 nimis
1778 2378 1876 2439 diu
1923 2380 2156 2452 morari,
2196 2391 2255 2442 et
2283 2399 2400 2439 non
2430 2398 2682 2440 necessa

523 2475 688 2547 riam,
712 2476 807 2536 vel
831 2475 1005 2534 etiam
1033 2474 1299 2535 inutilem
1328 2494 1566 2553 operam
1596 2494 1963 2537 consumere.
2047 2478 2461 2537 Verumtamen
2490 2495 2604 2556 ego
2631 2475 2708 2536 de
2736 2476 2742 2481 '

524 2593 585 2633 re
615 2592 806 2652 neque
834 2592 1073 2651 prorsus
1103 2566 1462 2651 negligenda
1485 2581 1545 2631 et
1572 2567 1753 2651 digna
1783 2572 2123 2633 liberalibus
2152 2573 2385 2646 studiiS,
2413 2584 2473 2634 et
2503 2593 2539 2633 a
2582 2573 2707 2653 ple-

520 2669 717 2749 risque
747 2678 998 2730 tractata
1045 2668 1464 2749 negligentiuS,
1511 2670 1829 2730 dicendum
1878 2670 1991 2731 hoc
2035 2672 2167 2746 loco
2218 2669 2441 2749 aliquid
2468 2672 2706 2749 putavi:

523 2764 682 2847 quod
708 2767 946 2846 quidem
973 2766 1258 2847 ejusmodi
1285 2786 1417 2827 esse
1445 2767 1701 2839 confido,
1746 2777 1836 2840 ut,
1876 2768 1977 2846 qui
2015 2768 2163 2827 forte
2193 2768 2484 2827 voluerint
2512 2768 2571 2825 in
2615 2767 2707 2826 his

522 2864 742 2922 versari
763 2862 1119 2937 accuratius,
1139 2862 1490 2926 mediocrem
1513 2864 1888 2925 occasionem
1918 2864 2232 2925 exercendi
2260 2861 2515 2924 studium
2537 2884 2710 2925 suum

424 2990 446 3015 .
522 2958 775 3019 habituri
805 2978 937 3019 esse
962 2957 1292 3021 videantur.
1379 2961 1507 3021 Etsi
1537 2971 1734 3022 autern
1773 2961 1904 3022 hoec
1935 2972 2073 3021 sunt
2098 2961 2417 3042 praecipua,
2443 2981 2547 3042 per
2575 2980 2708 3040 quae

524 3062 804 3131 poterunt
846 3056 1075 3115 numeri
1114 3075 1389 3115 versuum
1439 3058 1793 3118 comicorum
1838 3055 2096 3137 expediri
2144 3067 2206 3117 et
2252 3057 2420 3137 quasi
2464 3056 2710 3131 exsolvi,

522 3156 721 3207 tamen
761 3159 823 3209 et
867 3149 984 3209 alia
1011 3149 1283 3230 quaedam
1313 3151 1389 3211 ad
1415 3153 1571 3211 hanc
1608 3172 1809 3213 curam
1838 3153 2196 3213 assumenda
2223 3163 2381 3224 sunt,
2412 3162 2472 3213 et
2507 3152 2564 3211 in
2594 3153 2710 3232 pri-

525 3242 637 3302 mis
666 3245 1021 3325 syllabarum
1047 3247 1379 3326 producti0,
1427 3270 1563 3328 quae
1589 3252 1825 3322 ἔκτασιε,
1853 3270 1923 3310 ac
1949 3250 2257 3330 correpti0,
2302 3269 2435 3328 quae
2464 3253 2710 3319 συστολὴ

524 3340 876 3402 nominatur.
963 3343 1059 3402 Fit
1084 3352 1279 3406 autem
1322 3347 1561 3418 ἔκτεισις,
1603 3348 1793 3408 vocali
1843 3345 2136 3406 interdum
2187 3344 2477 3426 producta
2504 3357 2711 3406 natura

522 3436 714 3495 brevi:
756 3436 844 3510 ut,
871 3438 1002 3513 fuit,
1030 3450 1091 3500 et
1115 3441 1262 3513 fieri,
1291 3443 1452 3521 quod
1481 3463 1661 3523 supra
1687 3443 2008 3504 retulimus.
2085 3441 2384 3503 Interdum
2412 3440 2709 3521 geminata

525 3540 911 3606 consonante,
934 3544 1022 3607 ut,
1051 3534 1302 3616 relligio,
1329 3537 1613 3612 redduc0,
1642 3539 1927 3618 repperit:
1973 3542 2215 3609 συστολὴ
2243 3549 2457 3609 autem,
2483 3537 2711 3617 syllaba

523 3638 828 3708 correpta:
870 3638 938 3688 ut
965 3631 1191 3705 omitto,
1218 3641 1278 3693 et
1302 3633 1521 3713 rejici0,
1553 3643 1613 3693 et
1642 3641 1977 3712 συναιρέσει,
2004 3636 2200 3720 micio,
2231 3645 2332 3695 ut:

691 3778 699 3786 „
763 3726 983 3806 Tityre,
1009 3735 1322 3806 pascentes
1346 3748 1382 3788 a
1409 3729 1649 3814 flumine
1686 3730 1836 3790 reice
1865 3730 2148 3810 capellas.

420 3901 423 3908 ι
522 3821 617 3880 Ita
642 3830 882 3899 putatur
909 3825 1299 3904 ἐκτεταμένον,
1329 3825 1505 3884 vitam
1556 3825 1833 3885 dederitis
1878 3826 1937 3885 in
1979 3824 2194 3884 undis:
2238 3834 2318 3896 et,
2363 3824 2707 3900 transieritis

524 3935 730 3996 aquas.
815 3918 943 3978 Etsi
973 3919 1326 4000 quibusdam
1368 3930 1582 3981 natura
1623 3921 1885 3981 flexionis
1931 3922 2233 4000 postulare
2260 3920 2515 3993 videtur,
2555 3931 2622 3979 ut
2646 3920 2705 3978 in

519 4010 856 4089 hujusmodi
880 4015 1093 4087 verbis,
1134 4016 1203 4088 ri,
1250 4015 1482 4095 syllaba
1523 4015 1902 4096 producatur,
1951 4027 2013 4077 et
2056 4018 2161 4077 illa
2187 4018 2529 4100 corripiatur
2568 4020 2706 4076 κατὰ

527 4114 820 4181 συστολήν.
905 4109 1053 4172 Hoec
1080 4123 1141 4172 et
1177 4114 1451 4191 superius,
1490 4101 1884 4176 iudicatorum
1908 4118 2105 4178 παθῶν
2144 4114 2218 4174 de
2247 4114 2508 4176 Homero
2532 4113 2705 4173 etiam

524 4220 683 4264 nunc
709 4204 983 4284 quaedam
1007 4206 1587 4273 demonstrabimus:
1629 4208 1730 4272 Ἰλ.
1754 4211 1825 4271 α’.
