3050 4942
535 370 624 436 74
1378 387 1476 433 nn
1522 372 1926 437 ‘runxrnof

472 538 479 541 *
534 537 819 596 haberent
865 549 1142 611 magnam
1189 529 1613 591 salubritatem.
1653 595 1662 601 ,
1719 531 2124 612 Replebantur
2171 552 2427 612 quoque,
2486 544 2725 597 auctore

539 633 756 705 Plinio,
806 631 949 690 flore
977 629 1134 689 croci
1169 628 1494 707 sylvestris,
1544 641 1783 709 propter
1811 631 2114 692 oculorum
2144 630 2615 701 oblectationem,
2658 644 2729 693 ut

536 740 703 811 puto,
739 728 928 808 magis
954 746 1134 806 quam
1164 726 1240 786 ad
1270 725 1508 786 odorem
1539 726 2000 788 conciliandum.
2085 728 2243 797 Quin
2273 728 2447 787 etiam
2475 749 2552 787 ne
2583 729 2728 790 solis

537 828 712 889 ardor
747 837 851 887 aut
889 825 1066 885 etiam
1094 834 1450 902 conspectus
1498 823 1781 905 populum
1815 826 1890 884 ab
1931 825 2124 885 officio
2156 825 2510 900 deturbaret,
2541 838 2726 906 utque

537 925 832 987 salubrius
866 932 1230 1002 spectatores
1268 921 1700 999 conspicerent,
1729 924 1895 998 (nam
1938 923 2201 1001 porticus
2232 934 2467 1003 propter
2510 925 2727 984 imbres

536 1034 764 1085 tantum
796 1021 1104 1082 aedificatae
1135 1019 1416 1093 fuerunt‚)
1456 1020 1795 1098 excogitata
1833 1032 1972 1079 sunt
2002 1021 2153 1080 Vela
2181 1032 2305 1081 toto
2332 1021 2606 1093 Theatra,
2637 1037 2731 1081 at—

535 1142 653 1202 que
682 1121 832 1181 adeo
859 1118 972 1197 ipsi
1010 1117 1247 1176 Theatri
1295 1135 1494 1176 caveae
1545 1128 1917 1197 supertensa,
1960 1139 2095 1197 quse
2143 1120 2569 1197 spectatoribus
2598 1139 2728 1177 um·

536 1221 702 1279 bram
747 1218 1047 1276 facerent:
1092 1212 1251 1292 quod
1297 1213 1518 1292 primus
1566 1214 1825 1274 omnium
1877 1216 2100 1275 invenit
2148 1217 2222 1284 Q.
2270 1216 2541 1285 Catulus,
2590 1237 2727 1279 cum

537 1314 893 1396 Capitolium
920 1311 1245 1371 dedicaret.
1329 1311 1659 1371 carbasina
1686 1312 1899 1373 deinde
1928 1314 2059 1373 vela
2106 1314 2322 1393 primus
2368 1315 2426 1372 in
2471 1316 2728 1374 Theatro

536 1413 776 1473 duxisse
804 1409 1058 1471 traditur
1084 1408 1367 1469 Lentulus
1398 1409 1676 1488 Spinther
1703 1410 2145 1491 Apollinaribus
2177 1411 2391 1472 Ludis:
2435 1431 2570 1471 mox
2617 1414 2731 1489 (ait

534 1511 787 1587 Plinius)
828 1509 1033 1568 Caesar
1079 1506 1350 1566 Dictator
1395 1516 1587 1566 totum
1631 1508 1823 1566 forum
1868 1508 2202 1567 Romanum
2247 1507 2476 1570 intexit.
2563 1509 2725 1569 Nero

534 1609 744 1668 Caesar
767 1606 933 1678 velis„
962 1603 1306 1665 rudentibus
1335 1606 1735 1684 superstratis,
1759 1617 1821 1665 et
1846 1606 2044 1666 colore
2076 1605 2209 1666 coeli
2238 1605 2458 1665 stellati
2480 1604 2729 1684 Amphi·

533 1706 828 1766 theatrum
846 1703 1138 1774 contexit,
1179 1713 1247 1763 ut
1274 1702 1457 1762 solem
1487 1703 1895 1764 defenderent.
1977 1705 2106 1763 Ima
2131 1704 2368 1763 Theatri
2396 1702 2591 1775 sedeS,
2634 1705 2732 1763 vel

534 1804 732 1883 potius
775 1802 836 1862 id
884 1800 1139 1880 spatium
1184 1799 1345 1879 quod
1374 1802 1448 1859 ab
1476 1801 1593 1861 ima
1624 1801 1763 1862 sede
1806 1801 2040 1861 Theatri
2071 1802 2454 1881 interjacebat
2481 1798 2731 1880 pulpito,

459 1923 464 1929 ·
530 1901 859 1961 ‘Orchestra
886 1898 1212 1970 dicebatur,
1257 1899 1424 1977 quasi
1463 1899 1849 1975 saltatorium,
1897 1900 2059 1980 quod
2101 1899 2243 1970 illic,
2289 1899 2447 1978 apud
2478 1899 2728 1959 Graecos

535 2009 598 2057 et
623 1997 782 2076 apud
824 1994 1061 2055 Latinos
1092 1994 1475 2074 antiquiores,
1516 1996 1804 2056 saltantes
1851 1998 2168 2057 histriones
2214 1995 2435 2076 populo
2463 1997 2728 2057 oblecta·

533 2095 754 2154 tionem
783 2094 1076 2163 afferrent,
1107 2092 1329 2152 interea
1356 2091 1498 2152 dum
1528 2103 1695 2153 aetus
1719 2104 2238 2154 commutarentur.
2296 2093 2361 2151 In
2391 2112 2521 2152 eam
2548 2095 2727 2154 etiam

535 2191 877 2271 Thymelici,
921 2190 1034 2250 hoc
1061 2200 1174 2260 est,
1223 2188 1581 2263 Citharistae,
1611 2191 1957 2264 citharaedi,
1986 2191 2281 2250 Tibicines
2312 2210 2452 2250 suas
2474 2201 2727 2270 ,praesta-

533 2291 681 2348 bant
701 2288 966 2349 actiones
994 2288 1138 2367 ipsis
1159 2285 1407 2357 Graecis,
1427 2291 1607 2366 atq-ue
1635 2287 1697 2347 id
1726 2289 1983 2369 spatium
2006 2284 2552 2366 comprehendebat¹
2568 2289 2730 2369 apud

535 2388 830 2465 antiquos,
859 2383 1022 2464 quod
1051 2404 1158 2443 ceu
1188 2392 1454 2443 centrum
1475 2383 1716 2444 Theatri
1743 2386 1820 2463 ab
1850 2385 1971 2446 imo
1999 2383 2186 2465 gradu
2209 2381 2286 2442 ad
2312 2384 2601 2464 pulpitum
2634 2407 2733 2446 us-

533 2503 650 2563 que
676 2502 874 2543 scenae
902 2501 1152 2542 vacuum
1181 2481 1641 2559 relinquebatur.
1727 2483 1795 2541 In
1824 2482 2211 2544 Theatrorum
2258 2481 2573 2542 orchestris
2613 2485 2730 2560 (in-

534 2580 664 2659 quit
691 2579 944 2656 Plinius)
970 2581 1284 2639 scobe'aut
1313 2597 1491 2637 arena
1520 2580 1853 2660 superjecta
1879 2601 1995 2642 vox
2023 2581 2360 2653 devoratur,
2399 2591 2459 2640 et
2510 2581 2571 2639 in
2597 2581 2729 2640 rudi

532 2677 823 2756 parietum
848 2677 1228 2756 circumjectu
1252 2697 1267 2736 ε
1309 2688 1666 2757 quapropter
1709 2679 1981 2739 existimo
2010 2680 2192 2757 prob'e
2223 2678 2609 2740 emundatum
2636 2679 2729 2737 fu-

531 2776 673 2849 isse,
702 2777 752 2835 si
779 2775 1019 2856 quando
1046 2774 1309 2855 pugilum
1343 2773 1525 2834 Ludis
1555 2794 1735 2836 arena
1762 2795 2086 2856 conspersa
2112 2776 2426 2836 videretur.
2511 2774 2732 2834 Novis—

532 2875 678 2933 sime
704 2885 900 2934 autem
929 2873 1088 2952 apud
1138 2872 1439 2932 Romanos
1487 2873 1792 2933 orchestra
1838 2874 2209 2934 senatoribus
2255 2872 2453 2932 dicata
2491 2872 2623 2944 fuit,
2666 2873 2730 2932 in

533 2991 649 3050 qua
670 2969 1247 3031 honorificentiorum
1268 2979 1438 3027 erant
1454 2969 1588 3028 loca
1607 2969 1943 3048 designata,
1964 2982 2201 3050 propter
2220 2968 2728 3030 commoditatem:

431 3111 437 3116 -
532 3077 602 3126 ut
627 3065 788 3138 inde,
815 3085 935 3125 non
965 3066 1155 3124 solum
1180 3065 1361 3123 verba
1389 3073 1449 3123 et
1475 3076 1703 3143 gestus,
1733 3065 1842 3125 sed
1874 3067 2048 3126 etiam
2077 3067 2291 3145 pedum
2322 3067 2637 3137 motiones,
2668 3077 2732 3128 et

531 3163 625 3223 vel
650 3163 888 3222 minima
913 3181 1165 3241 quaeque
1192 3161 1642 3240 conspicerent:
1686 3164 1987 3243 proximus
2033 3165 2187 3224 enim
2227 3165 2323 3224 hic
2352 3163 2571 3243 gradus
2601 3177 2729 3224 erat

529 3258 759 3339 pulpito
789 3276 1006 3330 scenae,
1033 3256 1110 3316 de
1139 3257 1307 3337 cujus
1333 3260 1761 3338 compositione
1789 3280 1927 3321 mox
1953 3260 2272 3322 dicendum
2300 3272 2412 3320 est.

630 3481 957 3542 POSITIO
1002 3482 1104 3540 ΕΤ
1147 3479 1725 3541 CONSTRUCTIO
1770 3481 2059 3542 SCENAE
2099 3483 2187 3543 IN
2230 3478 2641 3542 THEATRO.

540 3696 545 3701 .
609 3647 767 3706 Ante
791 3646 1131 3719 Theatrum,
1160 3665 1272 3707 ceu
1313 3646 1474 3705 frons
1504 3645 1780 3726 quaedam
1808 3647 2019 3726 ipsius,
2066 3647 2259 3706 Scena
2292 3643 2568 3725 opposita
2595 3642 2727 3715 fuit,

530 3763 638 3822 pro
665 3765 728 3804 re
756 3753 900 3804 nata
927 3754 989 3805 et
1017 3743 1250 3823 agenda
1278 3744 1586 3805 Comoedia
1613 3755 1716 3804 aut
1742 3744 2055 3823 Tragoedia
2094 3753 2430 3805 exstructa:
2478 3759 2599 3800 uno
2625 3751 2730 3799 aut

532 3842 719 3901 altero
759 3851 991 3901 tantum
1045 3841 1142 3900 die
1169 3842 1303 3901 usui
1340 3841 1573 3901 futura:
1618 3841 1732 3900 nisi
1760 3841 2011 3901 fortasse
2056 3839 2291 3919 ligneus
2320 3832 2639 3918 apparatus
2666 3837 2726 3895 in

513 3937 758 4017 'aliquot
803 3937 931 3997 dies
970 3938 1343 4018 proferretur.
1447 3936 1604 3996 Nam
1656 3936 1732 3995 de
1782 3937 1976 3996 scenis
2022 3936 2364 4007 sumtuosis,
2406 3946 2467 3994 et
2513 3944 2729 4013 praeter

530 4032 1022 4093 consuetudinem
1053 4052 1234 4113 supra
1259 4030 1500 4093 modum
1549 4031 2003 4102 luxuriantibuS,
2031 4032 2126 4093 hic
2170 4048 2290 4091 non
2317 4030 2727 4109 intelligimus,

532 4130 602 4189 In
631 4130 790 4189 hunc
829 4141 1025 4190 autem
1072 4130 1314 4190 modum
1360 4129 1653 4208 disposita
1697 4139 1843 4202 erat,
1886 4140 2172 4209 quantum
2220 4148 2336 4208 ego
2384 4129 2728 4207 conjectura

533 4226 772 4305 assequi
813 4245 1073 4306 possum.
1175 4227 1372 4288 Scena
1416 4226 1570 4287 binis
1608 4225 1991 4307 pluribusque
2030 4225 2571 4305 contignationibus
2625 4236 2729 4285 aut
