<?xml version="1.0" encoding="UTF-8"?>
<!DOCTYPE html PUBLIC "-//W3C//DTD XHTML 1.0 Transitional//EN"
    "http://www.w3.org/TR/xhtml1/DTD/xhtml1-transitional.dtd">
<html xmlns="http://www.w3.org/1999/xhtml" xml:lang="en" lang="en">
 <head>
  <title>
</title>
<meta http-equiv="Content-Type" content="text/html;charset=utf-8" />
  <meta name='ocr-system' content='tesseract 3.04.00' />
  <meta name='ocr-capabilities' content='ocr_page ocr_carea ocr_par ocr_line ocrx_word'/>
</head>
<body>
  <div class='ocr_page' id='page_1' title='image "./comoedisex00unkngoog_0168.png"; bbox 0 0 3050 4942; ppageno 0'>
   <div class='ocr_carea' id='block_1_1' title="bbox 548 331 2161 400">
    <p class='ocr_par' dir='ltr' id='par_1_1' title="bbox 548 331 2161 400">
     <span class='ocr_line' id='line_1_1' title="bbox 548 331 2161 400; baseline -0.002 0"><span class='ocrx_word' id='word_1_1' title='bbox 548 331 680 400; x_wconf 58' lang='lat'><strong>1258</strong></span> <span class='ocrx_word' id='word_1_2' title='bbox 1157 347 1251 398; x_wconf 73' lang='lat' dir='ltr'><strong>‚w</strong></span> <span class='ocrx_word' id='word_1_3' title='bbox 1265 346 1435 397; x_wconf 74' lang='lat' dir='ltr'><strong>mus</strong></span> <span class='ocrx_word' id='word_1_4' title='bbox 1479 346 1739 397; x_wconf 63' lang='lat' dir='ltr'><strong>&lt;mssa</strong></span> <span class='ocrx_word' id='word_1_5' title='bbox 1784 345 2161 398; x_wconf 66' lang='lat' dir='ltr'><strong>sosiae-1³2</strong></span> 
     </span>
    </p>
   </div>
   <div class='ocr_carea' id='block_1_2' title="bbox 541 491 2823 3962">
    <p class='ocr_par' dir='ltr' id='par_1_2' title="bbox 541 491 2823 3962">
     <span class='ocr_line' id='line_1_2' title="bbox 545 491 2733 574; baseline -0.001 -21"><span class='ocrx_word' id='word_1_6' title='bbox 545 514 620 553; x_wconf 89' lang='lat' dir='ltr'><strong>ne</strong></span> <span class='ocrx_word' id='word_1_7' title='bbox 649 495 725 554; x_wconf 87' lang='lat' dir='ltr'><strong>ab</strong></span> <span class='ocrx_word' id='word_1_8' title='bbox 751 492 867 554; x_wconf 84' lang='lat' dir='ltr'><strong>illis</strong></span> <span class='ocrx_word' id='word_1_9' title='bbox 892 494 1176 556; x_wconf 75' lang='lat' dir='ltr'><strong>barbarus</strong></span> <span class='ocrx_word' id='word_1_10' title='bbox 1205 493 1572 574; x_wconf 70' lang='lat' dir='ltr'><strong>appelletur:</strong></span> <span class='ocrx_word' id='word_1_11' title='bbox 1614 501 1925 573; x_wconf 82' lang='lat' dir='ltr'><strong>propterea</strong></span> <span class='ocrx_word' id='word_1_12' title='bbox 1948 492 2110 573; x_wconf 84' lang='lat' dir='ltr'><strong>quod</strong></span> <span class='ocrx_word' id='word_1_13' title='bbox 2150 491 2454 563; x_wconf 81' lang='lat' dir='ltr'><strong>Germani,</strong></span> <span class='ocrx_word' id='word_1_14' title='bbox 2476 509 2733 571; x_wconf 60' lang='lat' dir='ltr'><strong>prmae-</strong></span> 
     </span>
     <span class='ocr_line' id='line_1_3' title="bbox 545 587 2735 665; baseline -0.001 -15"><span class='ocrx_word' id='word_1_15' title='bbox 545 591 651 650; x_wconf 85' lang='lat' dir='ltr'><strong>tim</strong></span> <span class='ocrx_word' id='word_1_16' title='bbox 688 603 980 652; x_wconf 72' lang='lat' dir='ltr'><strong>nostrates</strong></span> <span class='ocrx_word' id='word_1_17' title='bbox 1007 590 1323 665; x_wconf 75' lang='lat' dir='ltr'><strong>Vindelici,</strong></span> <span class='ocrx_word' id='word_1_18' title='bbox 1365 592 1589 664; x_wconf 87' lang='lat' dir='ltr'><strong>Carini,</strong></span> <span class='ocrx_word' id='word_1_19' title='bbox 1636 591 1856 664; x_wconf 83' lang='lat' dir='ltr'><strong>Norici,</strong></span> <span class='ocrx_word' id='word_1_20' title='bbox 1903 591 2043 650; x_wconf 89' lang='lat' dir='ltr'><strong>item</strong></span> <span class='ocrx_word' id='word_1_21' title='bbox 2093 591 2292 662; x_wconf 78' lang='lat' dir='ltr'><strong>Saevi,</strong></span> <span class='ocrx_word' id='word_1_22' title='bbox 2338 590 2606 649; x_wconf 78' lang='lat' dir='ltr'><strong>Saxones</strong></span> <span class='ocrx_word' id='word_1_23' title='bbox 2650 587 2735 648; x_wconf 87' lang='lat' dir='ltr'><strong>ita</strong></span> 
     </span>
     <span class='ocr_line' id='line_1_4' title="bbox 547 683 2734 769; baseline -0.002 -20"><span class='ocrx_word' id='word_1_24' title='bbox 547 688 695 750; x_wconf 90' lang='lat' dir='ltr'><strong>illud</strong></span> <span class='ocrx_word' id='word_1_25' title='bbox 737 691 971 750; x_wconf 73' lang='lat' dir='ltr'><strong>verbum</strong></span> <span class='ocrx_word' id='word_1_26' title='bbox 1014 690 1415 769; x_wconf 88' lang='lat' dir='ltr'><strong>pronuntiant,</strong></span> <span class='ocrx_word' id='word_1_27' title='bbox 1459 688 1551 747; x_wconf 81' lang='lat' dir='ltr'><strong>vix</strong></span> <span class='ocrx_word' id='word_1_28' title='bbox 1580 699 1647 748; x_wconf 87' lang='lat' dir='ltr'><strong>ut</strong></span> <span class='ocrx_word' id='word_1_29' title='bbox 1673 708 1803 748; x_wconf 88' lang='lat' dir='ltr'><strong>eam</strong></span> <span class='ocrx_word' id='word_1_30' title='bbox 1833 687 2094 747; x_wconf 76' lang='lat' dir='ltr'>vocalem</span> <span class='ocrx_word' id='word_1_31' title='bbox 2122 684 2426 746; x_wconf 77' lang='lat' dir='ltr'><strong>exaudias.</strong></span> <span class='ocrx_word' id='word_1_32' title='bbox 2509 683 2734 744; x_wconf 71' lang='lat' dir='ltr'><strong>Vernni</strong></span> 
     </span>
     <span class='ocr_line' id='line_1_5' title="bbox 542 781 2734 869; baseline -0.004 -21"><span class='ocrx_word' id='word_1_33' title='bbox 542 787 836 866; x_wconf 77' lang='lat' dir='ltr'><strong>equidem,</strong></span> <span class='ocrx_word' id='word_1_34' title='bbox 877 808 1070 869; x_wconf 87' lang='lat' dir='ltr'><strong>neque</strong></span> <span class='ocrx_word' id='word_1_35' title='bbox 1095 786 1347 849; x_wconf 82' lang='lat' dir='ltr'><strong>irridebo</strong></span> <span class='ocrx_word' id='word_1_36' title='bbox 1374 796 1674 847; x_wconf 85' lang='lat' dir='ltr'><strong>maternos</strong></span> <span class='ocrx_word' id='word_1_37' title='bbox 1702 805 1844 846; x_wconf 80' lang='lat' dir='ltr'><strong>avos</strong></span> <span class='ocrx_word' id='word_1_38' title='bbox 1874 804 2057 858; x_wconf 72' lang='lat' dir='ltr'><strong>meoS,</strong></span> <span class='ocrx_word' id='word_1_39' title='bbox 2086 802 2279 863; x_wconf 85' lang='lat' dir='ltr'><strong>neque</strong></span> <span class='ocrx_word' id='word_1_40' title='bbox 2303 781 2559 846; x_wconf 85' lang='lat' dir='ltr'><strong>hominis</strong></span> <span class='ocrx_word' id='word_1_41' title='bbox 2586 800 2734 841; x_wconf 76' lang='lat' dir='ltr'><strong>con-</strong></span> 
     </span>
     <span class='ocr_line' id='line_1_6' title="bbox 543 879 2736 965; baseline -0.001 -22"><span class='ocrx_word' id='word_1_42' title='bbox 543 883 761 957; x_wconf 83' lang='lat' dir='ltr'><strong>silium,</strong></span> <span class='ocrx_word' id='word_1_43' title='bbox 804 886 1020 965; x_wconf 82' lang='lat' dir='ltr'><strong>quippe</strong></span> <span class='ocrx_word' id='word_1_44' title='bbox 1061 884 1163 965; x_wconf 88' lang='lat' dir='ltr'><strong>qui</strong></span> <span class='ocrx_word' id='word_1_45' title='bbox 1203 902 1424 944; x_wconf 89' lang='lat' dir='ltr'><strong>memor</strong></span> <span class='ocrx_word' id='word_1_46' title='bbox 1461 883 1575 943; x_wconf 91' lang='lat' dir='ltr'><strong>sim</strong></span> <span class='ocrx_word' id='word_1_47' title='bbox 1615 881 1740 962; x_wconf 84' lang='lat' dir='ltr'><strong>ejus</strong></span> <span class='ocrx_word' id='word_1_48' title='bbox 1770 902 1973 943; x_wconf 81' lang='lat' dir='ltr'><strong>versus</strong></span> <span class='ocrx_word' id='word_1_49' title='bbox 2004 901 2075 941; x_wconf 82' lang='lat' dir='ltr'><strong>ex</strong></span> <span class='ocrx_word' id='word_1_50' title='bbox 2100 879 2366 940; x_wconf 75' lang='lat' dir='ltr'><strong>Casina:</strong></span> <span class='ocrx_word' id='word_1_51' title='bbox 2408 887 2424 914; x_wconf 81' lang='lat'><em>⁶</em></span> <span class='ocrx_word' id='word_1_52' title='bbox 2452 879 2630 939; x_wconf 85' lang='lat' dir='ltr'><strong>Nunc</strong></span> <span class='ocrx_word' id='word_1_53' title='bbox 2654 898 2736 940; x_wconf 80' lang='lat' dir='ltr'><strong>ne</strong></span> 
     </span>
     <span class='ocr_line' id='line_1_7' title="bbox 541 975 2739 1062; baseline -0.002 -22"><span class='ocrx_word' id='word_1_54' title='bbox 541 990 611 1040; x_wconf 87' lang='lat' dir='ltr'><strong>tu</strong></span> <span class='ocrx_word' id='word_1_55' title='bbox 638 981 994 1061; x_wconf 85' lang='lat' dir='ltr'><strong>respondere</strong></span> <span class='ocrx_word' id='word_1_56' title='bbox 1018 980 1286 1062; x_wconf 79' lang='lat' dir='ltr'><strong>postules</strong></span> <span class='ocrx_word' id='word_1_57' title='bbox 1316 1000 1407 1040; x_wconf 89' lang='lat' dir='ltr'><strong>me</strong></span> <span class='ocrx_word' id='word_1_58' title='bbox 1437 978 1585 1039; x_wconf 66' lang='lat' dir='ltr'><strong>tibi!</strong></span> <span class='ocrx_word' id='word_1_59' title='bbox 1664 979 1721 1037; x_wconf 94' lang='lat' dir='ltr'>N</span> <span class='ocrx_word' id='word_1_60' title='bbox 1725 998 1798 1039; x_wconf 87' lang='lat' dir='ltr'><strong>on</strong></span> <span class='ocrx_word' id='word_1_61' title='bbox 1828 978 2005 1057; x_wconf 84' lang='lat' dir='ltr'><strong>igitur</strong></span> <span class='ocrx_word' id='word_1_62' title='bbox 2029 976 2316 1057; x_wconf 83' lang='lat' dir='ltr'><strong>judicium</strong></span> <span class='ocrx_word' id='word_1_63' title='bbox 2345 975 2739 1056; x_wconf 72' lang='lat' dir='ltr'><strong>reprehendo,</strong></span> 
     </span>
     <span class='ocr_line' id='line_1_8' title="bbox 543 1069 2738 1156; baseline -0.001 -20"><span class='ocrx_word' id='word_1_64' title='bbox 543 1075 654 1136; x_wconf 78' lang='lat' dir='ltr'><strong>sed</strong></span> <span class='ocrx_word' id='word_1_65' title='bbox 672 1076 883 1156; x_wconf 84' lang='lat' dir='ltr'><strong>judicii</strong></span> <span class='ocrx_word' id='word_1_66' title='bbox 908 1077 1126 1138; x_wconf 85' lang='lat' dir='ltr'><strong>locum.</strong></span> <span class='ocrx_word' id='word_1_67' title='bbox 1211 1077 1281 1136; x_wconf 87' lang='lat' dir='ltr'><strong>Ei</strong></span> <span class='ocrx_word' id='word_1_68' title='bbox 1306 1076 1460 1136; x_wconf 88' lang='lat' dir='ltr'><strong>enim</strong></span> <span class='ocrx_word' id='word_1_69' title='bbox 1489 1074 1684 1135; x_wconf 85' lang='lat' dir='ltr'><strong>versui</strong></span> <span class='ocrx_word' id='word_1_70' title='bbox 1706 1075 1933 1154; x_wconf 82' lang='lat' dir='ltr'><strong>optimo</strong></span> <span class='ocrx_word' id='word_1_71' title='bbox 1960 1084 2140 1154; x_wconf 81' lang='lat' dir='ltr'><strong>atque</strong></span> <span class='ocrx_word' id='word_1_72' title='bbox 2163 1072 2557 1153; x_wconf 84' lang='lat' dir='ltr'><strong>pulcherrimo</strong></span> <span class='ocrx_word' id='word_1_73' title='bbox 2582 1069 2738 1152; x_wconf 78' lang='lat' dir='ltr'><strong>q&#39;ua-</strong></span> 
     </span>
     <span class='ocr_line' id='line_1_9' title="bbox 545 1170 2736 1253; baseline -0.002 -21"><span class='ocrx_word' id='word_1_74' title='bbox 545 1172 739 1244; x_wconf 89' lang='lat' dir='ltr'><strong>drato,</strong></span> <span class='ocrx_word' id='word_1_75' title='bbox 762 1193 837 1233; x_wconf 81' lang='lat' dir='ltr'><strong>ex</strong></span> <span class='ocrx_word' id='word_1_76' title='bbox 858 1172 1102 1246; x_wconf 85' lang='lat' dir='ltr'><strong>Andria,</strong></span> <span class='ocrx_word' id='word_1_77' title='bbox 1127 1173 1284 1233; x_wconf 88' lang='lat' dir='ltr'><strong>hanc</strong></span> <span class='ocrx_word' id='word_1_78' title='bbox 1309 1172 1576 1253; x_wconf 76' lang='lat' dir='ltr'><strong>injuriam</strong></span> <span class='ocrx_word' id='word_1_79' title='bbox 1596 1170 1888 1231; x_wconf 78' lang='lat' dir='ltr'><strong>faciebat:</strong></span> <span class='ocrx_word' id='word_1_80' title='bbox 1921 1179 1936 1205; x_wconf 94' lang='lat'>‘</span> <span class='ocrx_word' id='word_1_81' title='bbox 1950 1173 2108 1231; x_wconf 86' lang='lat' dir='ltr'><strong>Cum</strong></span> <span class='ocrx_word' id='word_1_82' title='bbox 2130 1170 2180 1230; x_wconf 87' lang='lat' dir='ltr'><strong>is</strong></span> <span class='ocrx_word' id='word_1_83' title='bbox 2201 1170 2346 1232; x_wconf 87' lang='lat' dir='ltr'><strong>nihil</strong></span> <span class='ocrx_word' id='word_1_84' title='bbox 2365 1179 2736 1251; x_wconf 87' lang='lat' dir='ltr'><strong>promereat:</strong></span> 
     </span>
     <span class='ocr_line' id='line_1_10' title="bbox 547 1266 2738 1350; baseline -0.001 -22"><span class='ocrx_word' id='word_1_85' title='bbox 547 1268 869 1347; x_wconf 79' lang='lat' dir='ltr'><strong>postulare,</strong></span> <span class='ocrx_word' id='word_1_86' title='bbox 909 1269 975 1329; x_wconf 85' lang='lat' dir='ltr'><strong>id</strong></span> <span class='ocrx_word' id='word_1_87' title='bbox 1001 1270 1210 1348; x_wconf 82' lang='lat' dir='ltr'><strong>gratiae</strong></span> <span class='ocrx_word' id='word_1_88' title='bbox 1238 1269 1456 1350; x_wconf 82' lang='lat' dir='ltr'><strong>apponi</strong></span> <span class='ocrx_word' id='word_1_89' title='bbox 1487 1267 1641 1328; x_wconf 60' lang='lat' dir='ltr'><strong>sihi?</strong></span> <span class='ocrx_word' id='word_1_90' title='bbox 1719 1268 1935 1328; x_wconf 90' lang='lat' dir='ltr'><strong>Verum</strong></span> <span class='ocrx_word' id='word_1_91' title='bbox 1963 1277 2024 1328; x_wconf 90' lang='lat' dir='ltr'><strong>et</strong></span> <span class='ocrx_word' id='word_1_92' title='bbox 2049 1267 2146 1328; x_wconf 86' lang='lat' dir='ltr'><strong>hic</strong></span> <span class='ocrx_word' id='word_1_93' title='bbox 2178 1267 2324 1327; x_wconf 87' lang='lat' dir='ltr'><strong>nihil</strong></span> <span class='ocrx_word' id='word_1_94' title='bbox 2351 1286 2600 1327; x_wconf 84' lang='lat' dir='ltr'><strong>necesse</strong></span> <span class='ocrx_word' id='word_1_95' title='bbox 2628 1266 2738 1326; x_wconf 84' lang='lat' dir='ltr'><strong>ha·-</strong></span> 
     </span>
     <span class='ocr_line' id='line_1_11' title="bbox 545 1363 2737 1446; baseline -0 -22"><span class='ocrx_word' id='word_1_96' title='bbox 545 1367 689 1426; x_wconf 87' lang='lat' dir='ltr'><strong>beas</strong></span> <span class='ocrx_word' id='word_1_97' title='bbox 718 1366 1050 1439; x_wconf 81' lang='lat' dir='ltr'><strong>concidere,</strong></span> <span class='ocrx_word' id='word_1_98' title='bbox 1079 1378 1141 1428; x_wconf 85' lang='lat' dir='ltr'><strong>et</strong></span> <span class='ocrx_word' id='word_1_99' title='bbox 1163 1367 1408 1446; x_wconf 82' lang='lat' dir='ltr'><strong>primam</strong></span> <span class='ocrx_word' id='word_1_100' title='bbox 1437 1374 1650 1424; x_wconf 77' lang='lat' dir='ltr'><strong>natura</strong></span> <span class='ocrx_word' id='word_1_101' title='bbox 1675 1383 1810 1424; x_wconf 86' lang='lat' dir='ltr'><strong>cum</strong></span> <span class='ocrx_word' id='word_1_102' title='bbox 1836 1364 2133 1444; x_wconf 89' lang='lat' dir='ltr'><strong>corripiat,</strong></span> <span class='ocrx_word' id='word_1_103' title='bbox 2157 1382 2277 1424; x_wconf 87' lang='lat' dir='ltr'><strong>non</strong></span> <span class='ocrx_word' id='word_1_104' title='bbox 2305 1364 2509 1445; x_wconf 81' lang='lat' dir='ltr'><strong>potuit·</strong></span> <span class='ocrx_word' id='word_1_105' title='bbox 2526 1363 2737 1424; x_wconf 80' lang='lat' dir='ltr'><strong>sibilus</strong></span> 
     </span>
     <span class='ocr_line' id='line_1_12' title="bbox 545 1461 2737 1543; baseline -0 -22"><span class='ocrx_word' id='word_1_106' title='bbox 545 1462 965 1543; x_wconf 85' lang='lat' dir='ltr'><strong>impedimento</strong></span> <span class='ocrx_word' id='word_1_107' title='bbox 994 1483 1125 1525; x_wconf 79' lang='lat' dir='ltr'><strong>esse</strong></span> <span class='ocrx_word' id='word_1_108' title='bbox 1154 1464 1214 1523; x_wconf 85' lang='lat' dir='ltr'><strong>in</strong></span> <span class='ocrx_word' id='word_1_109' title='bbox 1241 1464 1343 1523; x_wconf 90' lang='lat' dir='ltr'><strong>illo</strong></span> <span class='ocrx_word' id='word_1_110' title='bbox 1367 1462 1607 1523; x_wconf 78' lang='lat' dir='ltr'><strong>Casinas</strong></span> <span class='ocrx_word' id='word_1_111' title='bbox 1629 1482 1824 1535; x_wconf 78' lang='lat' dir='ltr'><strong>versu,</strong></span> <span class='ocrx_word' id='word_1_112' title='bbox 1845 1461 1987 1542; x_wconf 87' lang='lat' dir='ltr'><strong>quin</strong></span> <span class='ocrx_word' id='word_1_113' title='bbox 2010 1462 2187 1521; x_wconf 87' lang='lat' dir='ltr'><strong>unico</strong></span> <span class='ocrx_word' id='word_1_114' title='bbox 2210 1471 2440 1522; x_wconf 84' lang='lat' dir='ltr'><strong>tantum</strong></span> <span class='ocrx_word' id='word_1_115' title='bbox 2470 1472 2737 1541; x_wconf 88' lang='lat' dir='ltr'><strong>tempore</strong></span> 
     </span>
     <span class='ocr_line' id='line_1_13' title="bbox 542 1556 2738 1640; baseline -0.002 -21"><span class='ocrx_word' id='word_1_116' title='bbox 542 1559 938 1638; x_wconf 81' lang='lat' dir='ltr'><strong>proferretur:</strong></span> <span class='ocrx_word' id='word_1_117' title='bbox 980 1561 1199 1620; x_wconf 83' lang='lat' dir='ltr'><strong>factum</strong></span> <span class='ocrx_word' id='word_1_118' title='bbox 1227 1561 1383 1620; x_wconf 85' lang='lat' dir='ltr'><strong>enim</strong></span> <span class='ocrx_word' id='word_1_119' title='bbox 1412 1569 1506 1620; x_wconf 89' lang='lat' dir='ltr'><strong>est</strong></span> <span class='ocrx_word' id='word_1_120' title='bbox 1545 1580 1638 1632; x_wconf 79' lang='lat' dir='ltr'><strong>ex,</strong></span> <span class='ocrx_word' id='word_1_121' title='bbox 1683 1578 1883 1640; x_wconf 79' lang='lat' dir='ltr'><strong>posse,</strong></span> <span class='ocrx_word' id='word_1_122' title='bbox 1927 1567 1987 1618; x_wconf 89' lang='lat' dir='ltr'><strong>et</strong></span> <span class='ocrx_word' id='word_1_123' title='bbox 2029 1559 2232 1618; x_wconf 80' lang='lat' dir='ltr'><strong>tolete.</strong></span> <span class='ocrx_word' id='word_1_124' title='bbox 2320 1559 2532 1638; x_wconf 80' lang='lat' dir='ltr'>Neque</span> <span class='ocrx_word' id='word_1_125' title='bbox 2577 1556 2738 1624; x_wconf 85' lang='lat' dir='ltr'><strong>enim</strong></span> 
     </span>
     <span class='ocr_line' id='line_1_14' title="bbox 545 1652 2740 1737; baseline 0.001 -23"><span class='ocrx_word' id='word_1_126' title='bbox 545 1655 745 1717; x_wconf 79' lang='lat' dir='ltr'><strong>literas</strong></span> <span class='ocrx_word' id='word_1_127' title='bbox 767 1657 1174 1736; x_wconf 79' lang='lat' dir='ltr'><strong>geminabant,</strong></span> <span class='ocrx_word' id='word_1_128' title='bbox 1200 1657 1363 1737; x_wconf 91' lang='lat' dir='ltr'><strong>quod</strong></span> <span class='ocrx_word' id='word_1_129' title='bbox 1390 1657 1570 1718; x_wconf 89' lang='lat' dir='ltr'><strong>etiam</strong></span> <span class='ocrx_word' id='word_1_130' title='bbox 1596 1655 1772 1716; x_wconf 84' lang='lat' dir='ltr'><strong>durat</strong></span> <span class='ocrx_word' id='word_1_131' title='bbox 1797 1655 1856 1714; x_wconf 90' lang='lat' dir='ltr'><strong>in</strong></span> <span class='ocrx_word' id='word_1_132' title='bbox 1884 1654 2202 1735; x_wconf 80' lang='lat' dir='ltr'><strong>proeterito,</strong></span> <span class='ocrx_word' id='word_1_133' title='bbox 2228 1652 2432 1715; x_wconf 83' lang='lat' dir='ltr'><strong>tetuli:</strong></span> <span class='ocrx_word' id='word_1_134' title='bbox 2462 1667 2525 1713; x_wconf 87' lang='lat' dir='ltr'><strong>et</strong></span> <span class='ocrx_word' id='word_1_135' title='bbox 2546 1661 2740 1716; x_wconf 61' lang='lat' dir='ltr'><strong>teram</strong></span> 
     </span>
     <span class='ocr_line' id='line_1_15' title="bbox 549 1750 2740 1835; baseline -0 -23"><span class='ocrx_word' id='word_1_136' title='bbox 549 1752 796 1834; x_wconf 80' lang='lat' dir='ltr'><strong>simplici</strong></span> <span class='ocrx_word' id='word_1_137' title='bbox 824 1753 1115 1816; x_wconf 86' lang='lat' dir='ltr'><strong>elemento</strong></span> <span class='ocrx_word' id='word_1_138' title='bbox 1141 1755 1422 1835; x_wconf 77' lang='lat' dir='ltr'><strong>scriptam</strong></span> <span class='ocrx_word' id='word_1_139' title='bbox 1468 1755 1528 1813; x_wconf 90' lang='lat' dir='ltr'><strong>in</strong></span> <span class='ocrx_word' id='word_1_140' title='bbox 1577 1753 1742 1813; x_wconf 87' lang='lat' dir='ltr'><strong>libris</strong></span> <span class='ocrx_word' id='word_1_141' title='bbox 1784 1770 2096 1831; x_wconf 82' lang='lat' dir='ltr'><strong>augurum,</strong></span> <span class='ocrx_word' id='word_1_142' title='bbox 2140 1751 2224 1812; x_wconf 88' lang='lat' dir='ltr'><strong>ait</strong></span> <span class='ocrx_word' id='word_1_143' title='bbox 2250 1750 2476 1814; x_wconf 82' lang='lat' dir='ltr'><strong>Varro:</strong></span> <span class='ocrx_word' id='word_1_144' title='bbox 2519 1760 2584 1811; x_wconf 89' lang='lat' dir='ltr'><strong>et</strong></span> <span class='ocrx_word' id='word_1_145' title='bbox 2625 1750 2740 1811; x_wconf 81' lang='lat' dir='ltr'><strong>hoe</strong></span> 
     </span>
     <span class='ocr_line' id='line_1_16' title="bbox 547 1843 2823 1929; baseline 0.001 -22"><span class='ocrx_word' id='word_1_146' title='bbox 547 1858 749 1909; x_wconf 87' lang='lat' dir='ltr'><strong>mouet</strong></span> <span class='ocrx_word' id='word_1_147' title='bbox 774 1868 884 1909; x_wconf 87' lang='lat' dir='ltr'><strong>nos</strong></span> <span class='ocrx_word' id='word_1_148' title='bbox 908 1849 1174 1929; x_wconf 85' lang='lat' dir='ltr'><strong>plurimis</strong></span> <span class='ocrx_word' id='word_1_149' title='bbox 1202 1850 1350 1911; x_wconf 84' lang='lat' dir='ltr'><strong>locis</strong></span> <span class='ocrx_word' id='word_1_150' title='bbox 1379 1850 1640 1923; x_wconf 85' lang='lat' dir='ltr'><strong>Verrius,</strong></span> <span class='ocrx_word' id='word_1_151' title='bbox 1686 1849 1933 1929; x_wconf 84' lang='lat' dir='ltr'><strong>ejusque</strong></span> <span class='ocrx_word' id='word_1_152' title='bbox 1960 1848 2245 1927; x_wconf 81' lang='lat' dir='ltr'><strong>interpres</strong></span> <span class='ocrx_word' id='word_1_153' title='bbox 2272 1859 2453 1926; x_wconf 89' lang='lat' dir='ltr'><strong>atque</strong></span> <span class='ocrx_word' id='word_1_154' title='bbox 2479 1847 2741 1910; x_wconf 65' lang='lat' dir='ltr'><strong>imitator</strong></span> <span class='ocrx_word' id='word_1_155' title='bbox 2818 1843 2823 1846; x_wconf 62' lang='grc'><strong>’</strong></span> 
     </span>
     <span class='ocr_line' id='line_1_17' title="bbox 547 1944 2740 2009; baseline -0.001 -1"><span class='ocrx_word' id='word_1_156' title='bbox 547 1946 787 2008; x_wconf 78' lang='lat' dir='ltr'><strong>Festus·</strong></span> <span class='ocrx_word' id='word_1_157' title='bbox 870 1948 1141 2009; x_wconf 85' lang='lat' dir='ltr'><strong>Ceterum</strong></span> <span class='ocrx_word' id='word_1_158' title='bbox 1173 1949 1452 2009; x_wconf 86' lang='lat' dir='ltr'><strong>Erasmus</strong></span> <span class='ocrx_word' id='word_1_159' title='bbox 1477 1948 1704 2008; x_wconf 88' lang='lat' dir='ltr'><strong>utinam</strong></span> <span class='ocrx_word' id='word_1_160' title='bbox 1748 1966 1883 2006; x_wconf 87' lang='lat' dir='ltr'><strong>eam</strong></span> <span class='ocrx_word' id='word_1_161' title='bbox 1931 1965 2132 2007; x_wconf 85' lang='lat' dir='ltr'><strong>curam</strong></span> <span class='ocrx_word' id='word_1_162' title='bbox 2174 1944 2353 2005; x_wconf 80' lang='lat' dir='ltr'><strong>alium</strong></span> <span class='ocrx_word' id='word_1_163' title='bbox 2394 1946 2455 2004; x_wconf 88' lang='lat' dir='ltr'><strong>in</strong></span> <span class='ocrx_word' id='word_1_164' title='bbox 2498 1964 2740 2006; x_wconf 74' lang='lat' dir='ltr'><strong>versum</strong></span> 
     </span>
     <span class='ocr_line' id='line_1_18' title="bbox 547 2041 2740 2125; baseline -0 -22"><span class='ocrx_word' id='word_1_165' title='bbox 547 2043 969 2117; x_wconf 79' lang='lat' dir='ltr'><strong>transtulisset,</strong></span> <span class='ocrx_word' id='word_1_166' title='bbox 999 2046 1074 2105; x_wconf 89' lang='lat' dir='ltr'><strong>ad</strong></span> <span class='ocrx_word' id='word_1_167' title='bbox 1103 2064 1316 2106; x_wconf 85' lang='lat' dir='ltr'><strong>nomen</strong></span> <span class='ocrx_word' id='word_1_168' title='bbox 1344 2045 1481 2119; x_wconf 87' lang='lat' dir='ltr'><strong>hoe,</strong></span> <span class='ocrx_word' id='word_1_169' title='bbox 1506 2043 1790 2125; x_wconf 87' lang='lat' dir='ltr'><strong>periculo,</strong></span> <span class='ocrx_word' id='word_1_170' title='bbox 1818 2042 2013 2123; x_wconf 86' lang='lat' dir='ltr'><strong>potius</strong></span> <span class='ocrx_word' id='word_1_171' title='bbox 2041 2061 2215 2122; x_wconf 87' lang='lat' dir='ltr'><strong>quam</strong></span> <span class='ocrx_word' id='word_1_172' title='bbox 2244 2041 2476 2103; x_wconf 86' lang='lat' dir='ltr'><strong>tolleret</strong></span> <span class='ocrx_word' id='word_1_173' title='bbox 2502 2060 2740 2102; x_wconf 87' lang='lat' dir='ltr'><strong>omnem</strong></span> 
     </span>
     <span class='ocr_line' id='line_1_19' title="bbox 541 2138 2742 2220; baseline -0 -21"><span class='ocrx_word' id='word_1_174' title='bbox 541 2141 836 2201; x_wconf 83' lang='lat' dir='ltr'><strong>sermonis</strong></span> <span class='ocrx_word' id='word_1_175' title='bbox 865 2140 1241 2220; x_wconf 78' lang='lat' dir='ltr'><strong>elegantiam,</strong></span> <span class='ocrx_word' id='word_1_176' title='bbox 1288 2150 1467 2219; x_wconf 82' lang='lat' dir='ltr'><strong>atque</strong></span> <span class='ocrx_word' id='word_1_177' title='bbox 1495 2139 1649 2200; x_wconf 88' lang='lat' dir='ltr'><strong>adeo</strong></span> <span class='ocrx_word' id='word_1_178' title='bbox 1675 2140 2087 2204; x_wconf 77' lang='lat' dir='ltr'><strong>Atticismum:</strong></span> <span class='ocrx_word' id='word_1_179' title='bbox 2132 2138 2347 2218; x_wconf 82' lang='lat' dir='ltr'><strong>quippe</strong></span> <span class='ocrx_word' id='word_1_180' title='bbox 2388 2156 2742 2218; x_wconf 80' lang='lat' dir='ltr'><strong>pronomen,</strong></span> 
     </span>
     <span class='ocr_line' id='line_1_20' title="bbox 547 2234 2742 2317; baseline 0.002 -24"><span class='ocrx_word' id='word_1_181' title='bbox 547 2235 703 2304; x_wconf 73' lang='lat' dir='ltr'><strong>hoc:</strong></span> <span class='ocrx_word' id='word_1_182' title='bbox 746 2245 840 2296; x_wconf 83' lang='lat' dir='ltr'><strong>est</strong></span> <span class='ocrx_word' id='word_1_183' title='bbox 866 2245 1063 2296; x_wconf 83' lang='lat' dir='ltr'><strong>autem</strong></span> <span class='ocrx_word' id='word_1_184' title='bbox 1090 2257 1166 2298; x_wconf 83' lang='lat' dir='ltr'><strong>ex</strong></span> <span class='ocrx_word' id='word_1_185' title='bbox 1193 2234 1420 2295; x_wconf 80' lang='lat' dir='ltr'><strong>Andria</strong></span> <span class='ocrx_word' id='word_1_186' title='bbox 1465 2236 1558 2296; x_wconf 91' lang='lat' dir='ltr'><strong>is:</strong></span> <span class='ocrx_word' id='word_1_187' title='bbox 1601 2242 1617 2269; x_wconf 89' lang='lat'>‘</span> <span class='ocrx_word' id='word_1_188' title='bbox 1642 2235 1784 2294; x_wconf 81' lang='lat' dir='ltr'><strong>Sine</strong></span> <span class='ocrx_word' id='word_1_189' title='bbox 1826 2234 1988 2295; x_wconf 88' lang='lat' dir='ltr'><strong>omni</strong></span> <span class='ocrx_word' id='word_1_190' title='bbox 2030 2235 2333 2317; x_wconf 86' lang='lat' dir='ltr'><strong>periculo:</strong></span> <span class='ocrx_word' id='word_1_191' title='bbox 2374 2255 2511 2294; x_wconf 87' lang='lat' dir='ltr'><strong>nam</strong></span> <span class='ocrx_word' id='word_1_192' title='bbox 2551 2234 2742 2297; x_wconf 86' lang='lat' dir='ltr'><strong>hocce</strong></span> 
     </span>
     <span class='ocr_line' id='line_1_21' title="bbox 549 2330 2742 2413; baseline 0 -22"><span class='ocrx_word' id='word_1_193' title='bbox 549 2330 711 2392; x_wconf 87' lang='lat' dir='ltr'><strong>haud</strong></span> <span class='ocrx_word' id='word_1_194' title='bbox 759 2331 1001 2393; x_wconf 84' lang='lat' dir='ltr'><strong>dubium</strong></span> <span class='ocrx_word' id='word_1_195' title='bbox 1050 2345 1162 2405; x_wconf 79' lang='lat' dir='ltr'><strong>est,</strong></span> <span class='ocrx_word' id='word_1_196' title='bbox 1208 2332 1352 2413; x_wconf 88' lang='lat' dir='ltr'><strong>quin</strong></span> <span class='ocrx_word' id='word_1_197' title='bbox 1403 2331 1729 2392; x_wconf 86' lang='lat' dir='ltr'><strong>Chremes.&#39;</strong></span> <span class='ocrx_word' id='word_1_198' title='bbox 1807 2331 2165 2403; x_wconf 73' lang='lat' dir='ltr'><strong>Praesertim,</strong></span> <span class='ocrx_word' id='word_1_199' title='bbox 2212 2350 2347 2392; x_wconf 81' lang='lat' dir='ltr'><strong>curn</strong></span> <span class='ocrx_word' id='word_1_200' title='bbox 2394 2342 2742 2410; x_wconf 80' lang='lat' dir='ltr'><strong>anapoestus</strong></span> 
     </span>
     <span class='ocr_line' id='line_1_22' title="bbox 550 2427 2742 2512; baseline 0 -23"><span class='ocrx_word' id='word_1_201' title='bbox 550 2448 683 2490; x_wconf 82' lang='lat' dir='ltr'><strong>esse</strong></span> <span class='ocrx_word' id='word_1_202' title='bbox 708 2431 963 2509; x_wconf 87' lang='lat' dir='ltr'><strong>potuerit</strong></span> <span class='ocrx_word' id='word_1_203' title='bbox 988 2430 1048 2489; x_wconf 92' lang='lat' dir='ltr'><strong>in</strong></span> <span class='ocrx_word' id='word_1_204' title='bbox 1076 2430 1264 2510; x_wconf 84' lang='lat' dir='ltr'><strong>primo</strong></span> <span class='ocrx_word' id='word_1_205' title='bbox 1291 2428 1465 2512; x_wconf 86' lang='lat' dir='ltr'><strong>pede.</strong></span> <span class='ocrx_word' id='word_1_206' title='bbox 1533 2430 1708 2503; x_wconf 87' lang='lat' dir='ltr'><strong>Nam,</strong></span> <span class='ocrx_word' id='word_1_207' title='bbox 1735 2430 1945 2503; x_wconf 87' lang='lat' dir='ltr'><strong>omnis,</strong></span> <span class='ocrx_word' id='word_1_208' title='bbox 1973 2430 2214 2509; x_wconf 83' lang='lat' dir='ltr'><strong>primam</strong></span> <span class='ocrx_word' id='word_1_209' title='bbox 2241 2427 2480 2510; x_wconf 86' lang='lat' dir='ltr'><strong>corripit</strong></span> <span class='ocrx_word' id='word_1_210' title='bbox 2506 2439 2742 2501; x_wconf 83' lang='lat' dir='ltr'><strong>natura,</strong></span> 
     </span>
     <span class='ocr_line' id='line_1_23' title="bbox 552 2525 2741 2607; baseline 0.001 -21"><span class='ocrx_word' id='word_1_211' title='bbox 552 2525 799 2587; x_wconf 85' lang='lat' dir='ltr'><strong>ductum</strong></span> <span class='ocrx_word' id='word_1_212' title='bbox 826 2527 983 2588; x_wconf 86' lang='lat' dir='ltr'><strong>enim</strong></span> <span class='ocrx_word' id='word_1_213' title='bbox 1015 2538 1108 2587; x_wconf 89' lang='lat' dir='ltr'><strong>est</strong></span> <span class='ocrx_word' id='word_1_214' title='bbox 1149 2532 1304 2607; x_wconf 72' lang='grc' dir='ltr'><strong>παρὰ</strong></span> <span class='ocrx_word' id='word_1_215' title='bbox 1343 2528 1407 2588; x_wconf 74' lang='grc' dir='ltr'><strong>τὸ</strong></span> <span class='ocrx_word' id='word_1_216' title='bbox 1454 2528 1618 2607; x_wconf 76' lang='grc' dir='ltr'><strong><em>ὁμῶς.</em></strong></span> <span class='ocrx_word' id='word_1_217' title='bbox 1701 2525 2069 2586; x_wconf 79' lang='lat' dir='ltr'><strong>Universitas</strong></span> <span class='ocrx_word' id='word_1_218' title='bbox 2111 2525 2266 2586; x_wconf 87' lang='lat' dir='ltr'><strong>enim</strong></span> <span class='ocrx_word' id='word_1_219' title='bbox 2308 2526 2374 2585; x_wconf 81' lang='lat' dir='ltr'><strong>fit</strong></span> <span class='ocrx_word' id='word_1_220' title='bbox 2421 2546 2497 2585; x_wconf 80' lang='lat' dir='ltr'><strong>ex</strong></span> <span class='ocrx_word' id='word_1_221' title='bbox 2545 2545 2741 2589; x_wconf 75' lang='lat' dir='ltr'><strong>rerum</strong></span> 
     </span>
     <span class='ocr_line' id='line_1_24' title="bbox 549 2622 2743 2703; baseline 0.001 -19"><span class='ocrx_word' id='word_1_222' title='bbox 549 2623 988 2703; x_wconf 80' lang='lat' dir='ltr'><strong>conjunctione.</strong></span> <span class='ocrx_word' id='word_1_223' title='bbox 1070 2626 1180 2685; x_wconf 87' lang='lat' dir='ltr'><strong>Est</strong></span> <span class='ocrx_word' id='word_1_224' title='bbox 1207 2625 1363 2685; x_wconf 88' lang='lat' dir='ltr'><strong>enim</strong></span> <span class='ocrx_word' id='word_1_225' title='bbox 1391 2626 1744 2698; x_wconf 84' lang='lat' dir='ltr'><strong>universum,</strong></span> <span class='ocrx_word' id='word_1_226' title='bbox 1771 2635 1939 2684; x_wconf 82' lang='lat' dir='ltr'><strong>extra</strong></span> <span class='ocrx_word' id='word_1_227' title='bbox 1960 2622 2126 2703; x_wconf 84' lang='lat' dir='ltr'><strong>quod</strong></span> <span class='ocrx_word' id='word_1_228' title='bbox 2154 2622 2302 2683; x_wconf 88' lang='lat' dir='ltr'><strong>nihil</strong></span> <span class='ocrx_word' id='word_1_229' title='bbox 2327 2632 2441 2683; x_wconf 81' lang='lat' dir='ltr'><strong>est.</strong></span> <span class='ocrx_word' id='word_1_230' title='bbox 2526 2622 2743 2703; x_wconf 83' lang='lat' dir='ltr'><strong>Neque</strong></span> 
     </span>
     <span class='ocr_line' id='line_1_25' title="bbox 547 2718 2742 2802; baseline 0 -23"><span class='ocrx_word' id='word_1_231' title='bbox 547 2718 685 2780; x_wconf 88' lang='lat' dir='ltr'><strong>illas</strong></span> <span class='ocrx_word' id='word_1_232' title='bbox 727 2731 949 2784; x_wconf 87' lang='lat' dir='ltr'><strong>mutam</strong></span> <span class='ocrx_word' id='word_1_233' title='bbox 995 2741 1069 2782; x_wconf 85' lang='lat' dir='ltr'><strong>ac</strong></span> <span class='ocrx_word' id='word_1_234' title='bbox 1113 2721 1395 2802; x_wconf 88' lang='lat' dir='ltr'><strong>liquidam</strong></span> <span class='ocrx_word' id='word_1_235' title='bbox 1443 2722 1705 2800; x_wconf 83' lang='lat' dir='ltr'><strong>potuisse</strong></span> <span class='ocrx_word' id='word_1_236' title='bbox 1733 2740 1946 2801; x_wconf 78' lang='lat' dir='ltr'><strong>cogere</strong></span> <span class='ocrx_word' id='word_1_237' title='bbox 1975 2719 2265 2801; x_wconf 77' lang='lat' dir='ltr'><strong>syllabam</strong></span> <span class='ocrx_word' id='word_1_238' title='bbox 2292 2718 2370 2779; x_wconf 89' lang='lat' dir='ltr'><strong>ad</strong></span> <span class='ocrx_word' id='word_1_239' title='bbox 2407 2719 2742 2800; x_wconf 76' lang='lat' dir='ltr'><strong>producen-</strong></span> 
     </span>
     <span class='ocr_line' id='line_1_26' title="bbox 551 2815 2741 2897; baseline -0 -21"><span class='ocrx_word' id='word_1_240' title='bbox 551 2815 717 2888; x_wconf 87' lang='lat' dir='ltr'><strong>dum,</strong></span> <span class='ocrx_word' id='word_1_241' title='bbox 760 2828 822 2878; x_wconf 89' lang='lat' dir='ltr'><strong>et</strong></span> <span class='ocrx_word' id='word_1_242' title='bbox 861 2821 1025 2897; x_wconf 86' lang='lat' dir='ltr'><strong>pueri</strong></span> <span class='ocrx_word' id='word_1_243' title='bbox 1071 2818 1287 2890; x_wconf 87' lang='lat' dir='ltr'><strong>sciunt,</strong></span> <span class='ocrx_word' id='word_1_244' title='bbox 1328 2828 1389 2878; x_wconf 84' lang='lat' dir='ltr'><strong>et</strong></span> <span class='ocrx_word' id='word_1_245' title='bbox 1434 2817 1776 2878; x_wconf 78' lang='lat' dir='ltr'><strong>Priscianus</strong></span> <span class='ocrx_word' id='word_1_246' title='bbox 1823 2817 2000 2877; x_wconf 85' lang='lat' dir='ltr'><strong>dooet</strong></span> <span class='ocrx_word' id='word_1_247' title='bbox 2039 2836 2115 2875; x_wconf 73' lang='lat' dir='ltr'><strong>ex</strong></span> <span class='ocrx_word' id='word_1_248' title='bbox 2158 2815 2511 2876; x_wconf 76' lang='lat' dir='ltr'><strong>Callimachi</strong></span> <span class='ocrx_word' id='word_1_249' title='bbox 2538 2836 2741 2877; x_wconf 78' lang='lat' dir='ltr'><strong>versu.</strong></span> 
     </span>
     <span class='ocr_line' id='line_1_27' title="bbox 554 2912 2743 2994; baseline 0.001 -22"><span class='ocrx_word' id='word_1_250' title='bbox 554 2913 751 2992; x_wconf 82' lang='lat' dir='ltr'><strong>Major</strong></span> <span class='ocrx_word' id='word_1_251' title='bbox 777 2934 915 2974; x_wconf 85' lang='lat' dir='ltr'><strong>vero</strong></span> <span class='ocrx_word' id='word_1_252' title='bbox 939 2914 1258 2975; x_wconf 76' lang='lat' dir='ltr'><strong>difficultas</strong></span> <span class='ocrx_word' id='word_1_253' title='bbox 1288 2914 1561 2993; x_wconf 75' lang='lat' dir='ltr'><strong>objicitur</strong></span> <span class='ocrx_word' id='word_1_254' title='bbox 1598 2915 1658 2973; x_wconf 88' lang='lat' dir='ltr'><strong>in</strong></span> <span class='ocrx_word' id='word_1_255' title='bbox 1686 2914 1923 2973; x_wconf 88' lang='lat' dir='ltr'><strong>nomine</strong></span> <span class='ocrx_word' id='word_1_256' title='bbox 1967 2913 2101 2984; x_wconf 88' lang='lat' dir='ltr'><strong>hoc,</strong></span> <span class='ocrx_word' id='word_1_257' title='bbox 2146 2912 2457 2991; x_wconf 82' lang='lat' dir='ltr'><strong>voluptas:</strong></span> <span class='ocrx_word' id='word_1_258' title='bbox 2502 2931 2577 2975; x_wconf 78' lang='lat' dir='ltr'><strong>ex</strong></span> <span class='ocrx_word' id='word_1_259' title='bbox 2621 2933 2743 2994; x_wconf 90' lang='lat' dir='ltr'><strong>qno</strong></span> 
     </span>
     <span class='ocr_line' id='line_1_28' title="bbox 551 3008 2744 3081; baseline 0.002 -14"><span class='ocrx_word' id='word_1_260' title='bbox 551 3008 651 3068; x_wconf 88' lang='lat' dir='ltr'><strong>ille</strong></span> <span class='ocrx_word' id='word_1_261' title='bbox 678 3010 943 3069; x_wconf 81' lang='lat' dir='ltr'><strong>vocalem</strong></span> <span class='ocrx_word' id='word_1_262' title='bbox 971 3010 1223 3070; x_wconf 82' lang='lat' dir='ltr'><strong>mediam</strong></span> <span class='ocrx_word' id='word_1_263' title='bbox 1252 3011 1630 3070; x_wconf 70' lang='lat' dir='ltr'><strong>auferendam</strong></span> <span class='ocrx_word' id='word_1_264' title='bbox 1658 3021 1881 3080; x_wconf 83' lang='lat' dir='ltr'><strong>censet,</strong></span> <span class='ocrx_word' id='word_1_265' title='bbox 1910 3030 1982 3071; x_wconf 91' lang='lat' dir='ltr'><strong>eo</strong></span> <span class='ocrx_word' id='word_1_266' title='bbox 2008 3029 2180 3070; x_wconf 85' lang='lat' dir='ltr'><strong>versu</strong></span> <span class='ocrx_word' id='word_1_267' title='bbox 2206 3009 2477 3070; x_wconf 75' lang='lat' dir='ltr'><strong>Andrias:</strong></span> <span class='ocrx_word' id='word_1_268' title='bbox 2524 3017 2542 3045; x_wconf 90' lang='lat'>‘</span> <span class='ocrx_word' id='word_1_269' title='bbox 2560 3011 2744 3081; x_wconf 80' lang='lat' dir='ltr'><strong>Quod</strong></span> 
     </span>
     <span class='ocr_line' id='line_1_29' title="bbox 553 3105 2744 3188; baseline 0.002 -25"><span class='ocrx_word' id='word_1_270' title='bbox 553 3106 888 3185; x_wconf 72' lang='lat' dir='ltr'><strong>voluptates</strong></span> <span class='ocrx_word' id='word_1_271' title='bbox 914 3125 1115 3167; x_wconf 87' lang='lat' dir='ltr'><strong>eorum</strong></span> <span class='ocrx_word' id='word_1_272' title='bbox 1143 3108 1390 3188; x_wconf 79' lang='lat' dir='ltr'><strong>propriae</strong></span> <span class='ocrx_word' id='word_1_273' title='bbox 1418 3119 1589 3169; x_wconf 88' lang='lat' dir='ltr'><strong>sunt:</strong></span> <span class='ocrx_word' id='word_1_274' title='bbox 1618 3128 1757 3167; x_wconf 85' lang='lat' dir='ltr'><strong>nam</strong></span> <span class='ocrx_word' id='word_1_275' title='bbox 1781 3108 1919 3168; x_wconf 88' lang='lat' dir='ltr'><strong>mihi</strong></span> <span class='ocrx_word' id='word_1_276' title='bbox 1946 3105 2397 3167; x_wconf 68' lang='lat' dir='ltr'><strong>immortalitas!</strong></span> <span class='ocrx_word' id='word_1_277' title='bbox 2454 3107 2744 3168; x_wconf 84' lang='lat' dir='ltr'><strong>Nonnihil</strong></span> 
     </span>
     <span class='ocr_line' id='line_1_30' title="bbox 558 3202 2744 3285; baseline 0.001 -24"><span class='ocrx_word' id='word_1_278' title='bbox 558 3220 698 3262; x_wconf 74' lang='lat' dir='ltr'><strong>vero</strong></span> <span class='ocrx_word' id='word_1_279' title='bbox 713 3211 825 3273; x_wconf 86' lang='lat' dir='ltr'><strong>est,</strong></span> <span class='ocrx_word' id='word_1_280' title='bbox 847 3202 898 3261; x_wconf 86' lang='lat' dir='ltr'><strong>si</strong></span> <span class='ocrx_word' id='word_1_281' title='bbox 924 3202 1001 3261; x_wconf 88' lang='lat' dir='ltr'><strong>sit</strong></span> <span class='ocrx_word' id='word_1_282' title='bbox 1019 3203 1102 3263; x_wconf 87' lang='lat' dir='ltr'><strong>ita</strong></span> <span class='ocrx_word' id='word_1_283' title='bbox 1122 3204 1941 3285; x_wconf 75' lang='lat' dir='ltr'><strong>pronuntiandum,.elolpus:</strong></span> <span class='ocrx_word' id='word_1_284' title='bbox 1962 3204 2109 3264; x_wconf 87' lang='lat' dir='ltr'><strong>nihil</strong></span> <span class='ocrx_word' id='word_1_285' title='bbox 2127 3204 2282 3264; x_wconf 89' lang='lat' dir='ltr'><strong>enim</strong></span> <span class='ocrx_word' id='word_1_286' title='bbox 2309 3202 2388 3262; x_wconf 88' lang='lat' dir='ltr'><strong>ad</strong></span> <span class='ocrx_word' id='word_1_287' title='bbox 2416 3203 2744 3266; x_wconf 86' lang='lat' dir='ltr'><strong>Theutoni-</strong></span> 
     </span>
     <span class='ocr_line' id='line_1_31' title="bbox 553 3299 2742 3381; baseline 0.002 -24"><span class='ocrx_word' id='word_1_288' title='bbox 553 3315 692 3358; x_wconf 89' lang='lat' dir='ltr'><strong>cum</strong></span> <span class='ocrx_word' id='word_1_289' title='bbox 735 3316 947 3359; x_wconf 84' lang='lat' dir='ltr'><strong>sonum</strong></span> <span class='ocrx_word' id='word_1_290' title='bbox 973 3299 1254 3361; x_wconf 88' lang='lat' dir='ltr'><strong>accedere</strong></span> <span class='ocrx_word' id='word_1_291' title='bbox 1297 3312 1494 3380; x_wconf 87' lang='lat' dir='ltr'><strong>potest</strong></span> <span class='ocrx_word' id='word_1_292' title='bbox 1537 3302 1837 3381; x_wconf 85' lang='lat' dir='ltr'><strong>proprius:</strong></span> <span class='ocrx_word' id='word_1_293' title='bbox 1878 3313 2060 3381; x_wconf 87' lang='lat' dir='ltr'><strong>atque</strong></span> <span class='ocrx_word' id='word_1_294' title='bbox 2087 3301 2203 3363; x_wconf 87' lang='lat' dir='ltr'><strong>hoe</strong></span> <span class='ocrx_word' id='word_1_295' title='bbox 2228 3311 2296 3361; x_wconf 79' lang='lat' dir='ltr'><strong>ut</strong></span> <span class='ocrx_word' id='word_1_296' title='bbox 2324 3299 2742 3380; x_wconf 83' lang='lat' dir='ltr'><strong>effugeremus,</strong></span> 
     </span>
     <span class='ocr_line' id='line_1_32' title="bbox 551 3396 2745 3480; baseline 0.001 -26"><span class='ocrx_word' id='word_1_297' title='bbox 551 3404 661 3455; x_wconf 76' lang='lat' dir='ltr'><strong>aut</strong></span> <span class='ocrx_word' id='word_1_298' title='bbox 685 3396 1173 3457; x_wconf 80' lang='lat' dir='ltr'><strong>constitueremus</strong></span> <span class='ocrx_word' id='word_1_299' title='bbox 1200 3398 1481 3458; x_wconf 87' lang='lat' dir='ltr'><strong>creticum</strong></span> <span class='ocrx_word' id='word_1_300' title='bbox 1508 3400 1568 3458; x_wconf 91' lang='lat' dir='ltr'><strong>in</strong></span> <span class='ocrx_word' id='word_1_301' title='bbox 1596 3399 1804 3479; x_wconf 80' lang='lat' dir='ltr'><strong>prima,</strong></span> <span class='ocrx_word' id='word_1_302' title='bbox 1832 3408 1935 3458; x_wconf 85' lang='lat' dir='ltr'><strong>aut</strong></span> <span class='ocrx_word' id='word_1_303' title='bbox 1955 3399 2128 3460; x_wconf 86' lang='lat' dir='ltr'><strong>etiam</strong></span> <span class='ocrx_word' id='word_1_304' title='bbox 2156 3409 2550 3480; x_wconf 76' lang='lat' dir='ltr'><strong>anapaestum.</strong></span> <span class='ocrx_word' id='word_1_305' title='bbox 2592 3399 2745 3457; x_wconf 85' lang='lat' dir='ltr'><strong>Gor-</strong></span> 
     </span>
     <span class='ocr_line' id='line_1_33' title="bbox 551 3490 2744 3576; baseline 0.003 -28"><span class='ocrx_word' id='word_1_306' title='bbox 551 3498 724 3568; x_wconf 86' lang='lat' dir='ltr'><strong>repta</strong></span> <span class='ocrx_word' id='word_1_307' title='bbox 748 3490 904 3551; x_wconf 90' lang='lat' dir='ltr'><strong>enim</strong></span> <span class='ocrx_word' id='word_1_308' title='bbox 932 3492 1270 3573; x_wconf 86' lang='lat' dir='ltr'><strong>conjunctio</strong></span> <span class='ocrx_word' id='word_1_309' title='bbox 1297 3503 1390 3554; x_wconf 88' lang='lat' dir='ltr'><strong>est</strong></span> <span class='ocrx_word' id='word_1_310' title='bbox 1416 3496 1574 3567; x_wconf 88' lang='lat' dir='ltr'><strong>alibi,</strong></span> <span class='ocrx_word' id='word_1_311' title='bbox 1617 3497 1711 3555; x_wconf 84' lang='lat' dir='ltr'><strong>vel</strong></span> <span class='ocrx_word' id='word_1_312' title='bbox 1749 3495 1967 3576; x_wconf 87' lang='lat' dir='ltr'><strong>judicio</strong></span> <span class='ocrx_word' id='word_1_313' title='bbox 2010 3495 2207 3555; x_wconf 83' lang='lat' dir='ltr'><strong>illius:</strong></span> <span class='ocrx_word' id='word_1_314' title='bbox 2249 3514 2430 3575; x_wconf 81' lang='lat' dir='ltr'><strong>qnare</strong></span> <span class='ocrx_word' id='word_1_315' title='bbox 2464 3495 2563 3555; x_wconf 88' lang='lat' dir='ltr'><strong>hic</strong></span> <span class='ocrx_word' id='word_1_316' title='bbox 2592 3513 2744 3574; x_wconf 82' lang='lat' dir='ltr'><strong>quo·</strong></span> 
     </span>
     <span class='ocr_line' id='line_1_34' title="bbox 551 3588 2743 3670; baseline 0.003 -26"><span class='ocrx_word' id='word_1_317' title='bbox 551 3603 673 3664; x_wconf 89' lang='lat' dir='ltr'><strong>que</strong></span> <span class='ocrx_word' id='word_1_318' title='bbox 719 3597 906 3647; x_wconf 84' lang='lat' dir='ltr'><strong>esset.</strong></span> <span class='ocrx_word' id='word_1_319' title='bbox 989 3588 1071 3647; x_wconf 91' lang='lat' dir='ltr'><strong>At</strong></span> <span class='ocrx_word' id='word_1_320' title='bbox 1109 3589 1326 3649; x_wconf 78' lang='lat' dir='ltr'><strong>frustra</strong></span> <span class='ocrx_word' id='word_1_321' title='bbox 1357 3589 1581 3651; x_wconf 86' lang='lat' dir='ltr'><strong>viderer</strong></span> <span class='ocrx_word' id='word_1_322' title='bbox 1618 3590 1948 3652; x_wconf 87' lang='lat' dir='ltr'><strong>laboratre:</strong></span> <span class='ocrx_word' id='word_1_323' title='bbox 1991 3593 2272 3670; x_wconf 87' lang='lat' dir='ltr'><strong>quoniam</strong></span> <span class='ocrx_word' id='word_1_324' title='bbox 2300 3591 2423 3652; x_wconf 88' lang='lat' dir='ltr'><strong>duo</strong></span> <span class='ocrx_word' id='word_1_325' title='bbox 2445 3611 2655 3652; x_wconf 80' lang='lat' dir='ltr'><strong>versus</strong></span> <span class='ocrx_word' id='word_1_326' title='bbox 2684 3593 2743 3651; x_wconf 88' lang='lat' dir='ltr'><strong>in</strong></span> 
     </span>
     <span class='ocr_line' id='line_1_35' title="bbox 557 3682 2744 3758; baseline 0.004 -16"><span class='ocrx_word' id='word_1_327' title='bbox 557 3682 781 3743; x_wconf 83' lang='lat' dir='ltr'><strong>Casina</strong></span> <span class='ocrx_word' id='word_1_328' title='bbox 807 3693 967 3758; x_wconf 89' lang='lat' dir='ltr'><strong>sunt,</strong></span> <span class='ocrx_word' id='word_1_329' title='bbox 993 3685 1178 3747; x_wconf 86' lang='lat' dir='ltr'><strong>nihilo</strong></span> <span class='ocrx_word' id='word_1_330' title='bbox 1206 3688 1376 3747; x_wconf 90' lang='lat' dir='ltr'><strong>nobis</strong></span> <span class='ocrx_word' id='word_1_331' title='bbox 1405 3688 1815 3750; x_wconf 79' lang='lat' dir='ltr'><strong>secundiores:</strong></span> <span class='ocrx_word' id='word_1_332' title='bbox 1857 3696 1875 3724; x_wconf 89' lang='lat'>‘</span> <span class='ocrx_word' id='word_1_333' title='bbox 1902 3688 2042 3748; x_wconf 81' lang='lat' dir='ltr'><strong>Sine</strong></span> <span class='ocrx_word' id='word_1_334' title='bbox 2070 3699 2207 3749; x_wconf 90' lang='lat' dir='ltr'><strong>tuos</strong></span> <span class='ocrx_word' id='word_1_335' title='bbox 2236 3689 2460 3750; x_wconf 83' lang='lat' dir='ltr'><strong>ooellos</strong></span> <span class='ocrx_word' id='word_1_336' title='bbox 2480 3689 2744 3750; x_wconf 81' lang='lat' dir='ltr'><strong>deoscu-</strong></span> 
     </span>
     <span class='ocr_line' id='line_1_36' title="bbox 555 3779 2743 3866; baseline 0.003 -28"><span class='ocrx_word' id='word_1_337' title='bbox 555 3779 663 3850; x_wconf 84' lang='lat' dir='ltr'><strong>ler,</strong></span> <span class='ocrx_word' id='word_1_338' title='bbox 705 3779 975 3859; x_wconf 83' lang='lat' dir='ltr'><strong>voluptas</strong></span> <span class='ocrx_word' id='word_1_339' title='bbox 1003 3802 1155 3844; x_wconf 84' lang='lat' dir='ltr'><strong>mea.</strong></span> <span class='ocrx_word' id='word_1_340' title='bbox 1237 3785 1397 3854; x_wconf 82' lang='lat' dir='ltr'><strong>Quid</strong></span> <span class='ocrx_word' id='word_1_341' title='bbox 1423 3785 1734 3847; x_wconf 85' lang='lat' dir='ltr'><strong>deosculer</strong></span> <span class='ocrx_word' id='word_1_342' title='bbox 1772 3794 1833 3845; x_wconf 91' lang='lat' dir='ltr'><strong>te</strong></span> <span class='ocrx_word' id='word_1_343' title='bbox 1853 3785 1881 3843; x_wconf 65' lang='grc' dir='ltr'><strong>ἲ</strong></span> <span class='ocrx_word' id='word_1_344' title='bbox 1919 3806 2055 3866; x_wconf 77' lang='lat' dir='ltr'><strong>quae</strong></span> <span class='ocrx_word' id='word_1_345' title='bbox 2100 3785 2249 3846; x_wconf 68' lang='lat' dir='ltr'><strong>res?</strong></span> <span class='ocrx_word' id='word_1_346' title='bbox 2290 3806 2426 3865; x_wconf 80' lang='lat' dir='ltr'><strong>quse</strong></span> <span class='ocrx_word' id='word_1_347' title='bbox 2467 3786 2743 3865; x_wconf 84' lang='lat' dir='ltr'><strong>voluptas</strong></span> 
     </span>
     <span class='ocr_line' id='line_1_37' title="bbox 555 3871 2747 3962; baseline 0.003 -27"><span class='ocrx_word' id='word_1_348' title='bbox 555 3891 692 3935; x_wconf 83' lang='lat' dir='ltr'><strong>mea</strong></span> <span class='ocrx_word' id='word_1_349' title='bbox 706 3871 751 3930; x_wconf 72' lang='grc' dir='ltr'><strong>’ζ’</strong></span> <span class='ocrx_word' id='word_1_350' title='bbox 820 3876 975 3937; x_wconf 86' lang='lat' dir='ltr'><strong>Nam</strong></span> <span class='ocrx_word' id='word_1_351' title='bbox 1001 3878 1136 3951; x_wconf 87' lang='lat' dir='ltr'><strong>nisi,</strong></span> <span class='ocrx_word' id='word_1_352' title='bbox 1162 3881 1356 3960; x_wconf 71' lang='lat' dir='ltr'><strong>volup,</strong></span> <span class='ocrx_word' id='word_1_353' title='bbox 1382 3881 1572 3960; x_wconf 85' lang='lat' dir='ltr'><strong>legas,</strong></span> <span class='ocrx_word' id='word_1_354' title='bbox 1600 3890 1703 3941; x_wconf 89' lang='lat' dir='ltr'><strong>aut</strong></span> <span class='ocrx_word' id='word_1_355' title='bbox 1728 3881 1912 3942; x_wconf 81' lang='lat' dir='ltr'><strong>facias</strong></span> <span class='ocrx_word' id='word_1_356' title='bbox 1942 3892 2332 3962; x_wconf 71' lang='lat' dir='ltr'><strong>anapaestum,</strong></span> <span class='ocrx_word' id='word_1_357' title='bbox 2359 3902 2506 3942; x_wconf 86' lang='lat' dir='ltr'><strong>sane</strong></span> <span class='ocrx_word' id='word_1_358' title='bbox 2530 3901 2747 3962; x_wconf 78' lang='lat' dir='ltr'><strong>aspera</strong></span> 
     </span>
    </p>
   </div>
   <div class='ocr_carea' id='block_1_3' title="bbox 553 3973 2851 4060">
    <p class='ocr_par' dir='ltr' id='par_1_3' title="bbox 553 3973 2851 4060">
     <span class='ocr_line' id='line_1_38' title="bbox 553 3973 2851 4060; baseline 0.003 -31"><span class='ocrx_word' id='word_1_359' title='bbox 553 3980 651 4029; x_wconf 83' lang='lat' dir='ltr'><strong>est</strong></span> <span class='ocrx_word' id='word_1_360' title='bbox 695 3973 1113 4049; x_wconf 77' lang='lat' dir='ltr'><strong>pronuntiatio.</strong></span> <span class='ocrx_word' id='word_1_361' title='bbox 1200 3976 1340 4050; x_wconf 82' lang='lat' dir='ltr'><strong>Sed,</strong></span> <span class='ocrx_word' id='word_1_362' title='bbox 1385 3978 1678 4057; x_wconf 70' lang='lat' dir='ltr'><strong>voluptas,</strong></span> <span class='ocrx_word' id='word_1_363' title='bbox 1724 3978 1838 4036; x_wconf 81' lang='lat' dir='ltr'><strong>fuit</strong></span> <span class='ocrx_word' id='word_1_364' title='bbox 1879 3979 2206 4060; x_wconf 71' lang='lat' dir='ltr'><strong>volupetaS,</strong></span> <span class='ocrx_word' id='word_1_365' title='bbox 2234 3998 2290 4052; x_wconf 88' lang='lat' dir='ltr'><strong>a,</strong></span> <span class='ocrx_word' id='word_1_366' title='bbox 2318 3977 2455 4039; x_wconf 79' lang='lat' dir='ltr'><strong>volo</strong></span> <span class='ocrx_word' id='word_1_367' title='bbox 2474 3989 2543 4037; x_wconf 80' lang='lat' dir='ltr'><strong>et</strong></span> <span class='ocrx_word' id='word_1_368' title='bbox 2565 3987 2743 4058; x_wconf 72' lang='lat' dir='ltr'><strong>peto:</strong></span> <span class='ocrx_word' id='word_1_369' title='bbox 2836 4021 2851 4036; x_wconf 87' lang='lat'><strong><em>.</em></strong></span> 
     </span>
    </p>
   </div>
   <div class='ocr_carea' id='block_1_4' title="bbox 555 4068 2745 4252">
    <p class='ocr_par' dir='ltr' id='par_1_4' title="bbox 555 4068 2745 4252">
     <span class='ocr_line' id='line_1_39' title="bbox 555 4068 2745 4155; baseline 0.005 -32"><span class='ocrx_word' id='word_1_370' title='bbox 555 4084 695 4143; x_wconf 79' lang='lat' dir='ltr'><strong>quse</strong></span> <span class='ocrx_word' id='word_1_371' title='bbox 721 4068 921 4126; x_wconf 86' lang='lat' dir='ltr'><strong>omnia</strong></span> <span class='ocrx_word' id='word_1_372' title='bbox 947 4089 1082 4129; x_wconf 90' lang='lat' dir='ltr'><strong>cum</strong></span> <span class='ocrx_word' id='word_1_373' title='bbox 1108 4072 1231 4131; x_wconf 83' lang='lat' dir='ltr'><strong>sint</strong></span> <span class='ocrx_word' id='word_1_374' title='bbox 1255 4073 1476 4147; x_wconf 84' lang='lat' dir='ltr'><strong>brevia,</strong></span> <span class='ocrx_word' id='word_1_375' title='bbox 1511 4092 1636 4132; x_wconf 83' lang='lat' dir='ltr'><strong>non</strong></span> <span class='ocrx_word' id='word_1_376' title='bbox 1680 4071 2067 4135; x_wconf 81' lang='lat' dir='ltr'><strong>immutarunt</strong></span> <span class='ocrx_word' id='word_1_377' title='bbox 2097 4084 2389 4135; x_wconf 81' lang='lat' dir='ltr'><strong>naturam.</strong></span> <span class='ocrx_word' id='word_1_378' title='bbox 2473 4074 2630 4134; x_wconf 87' lang='lat' dir='ltr'><strong>Nam</strong></span> <span class='ocrx_word' id='word_1_379' title='bbox 2657 4073 2745 4155; x_wconf 69' lang='lat' dir='ltr'><strong>sic</strong></span> 
     </span>
     <span class='ocr_line' id='line_1_40' title="bbox 557 4164 2745 4252; baseline 0.005 -33"><span class='ocrx_word' id='word_1_380' title='bbox 557 4179 797 4243; x_wconf 84' lang='lat' dir='ltr'><strong>quoque</strong></span> <span class='ocrx_word' id='word_1_381' title='bbox 822 4164 1103 4245; x_wconf 85' lang='lat' dir='ltr'><strong>corripias</strong></span> <span class='ocrx_word' id='word_1_382' title='bbox 1146 4169 1209 4227; x_wconf 81' lang='lat' dir='ltr'><strong>in</strong></span> <span class='ocrx_word' id='word_1_383' title='bbox 1235 4188 1407 4232; x_wconf 80' lang='lat' dir='ltr'><strong>versu</strong></span> <span class='ocrx_word' id='word_1_384' title='bbox 1427 4190 1507 4230; x_wconf 83' lang='lat' dir='ltr'><strong>ex</strong></span> <span class='ocrx_word' id='word_1_385' title='bbox 1533 4169 2223 4248; x_wconf 80' lang='lat' dir='ltr'><strong>Heautontimorumeno,</strong></span> <span class='ocrx_word' id='word_1_386' title='bbox 2271 4173 2322 4235; x_wconf 88' lang='lat' dir='ltr'><strong>si</strong></span> <span class='ocrx_word' id='word_1_387' title='bbox 2364 4172 2449 4234; x_wconf 88' lang='lat' dir='ltr'><strong>ita</strong></span> <span class='ocrx_word' id='word_1_388' title='bbox 2473 4172 2642 4252; x_wconf 82' lang='lat' dir='ltr'><strong>legas</strong></span> <span class='ocrx_word' id='word_1_389' title='bbox 2671 4190 2745 4232; x_wconf 82' lang='lat' dir='ltr'><strong>ex</strong></span> 
     </span>
    </p>
   </div>
   <div class='ocr_carea' id='block_1_5' title="bbox 2997 3877 3011 4853">
    <p class='ocr_par' dir='ltr' id='par_1_5' title="bbox 2997 3877 3011 4853">
     <span class='ocr_line' id='line_1_41' title="bbox 2997 3877 3011 4853; baseline 0 0"><span class='ocrx_word' id='word_1_390' title='bbox 2997 3877 3011 4853; x_wconf 95' lang='lat' dir='ltr'><strong> </strong></span> 
     </span>
    </p>
   </div>
  </div>
 </body>
</html>
