3050 4942
458 323 504 388 8
1156 294 1163 299 ⁸
1358 335 1774 386 1113111116.

462 487 644 564 mihi,
683 486 846 550 licet
891 487 1114 548 cetera
1154 479 1576 564 elegantioris
1621 481 2010 560 literaturae,
2057 471 2663 563 videtur‘Criticus,

466 609 668 674 quam
699 608 824 671 par
852 592 981 664 est,
1010 593 1079 649 et
1107 584 1267 668 plus
1293 603 1492 668 aequo
1516 604 1827 649 morosus
1850 582 2304 665 Aristarchus,
2330 587 2669 671 planeque

466 692 964 766 immisericors,
996 688 1227 752 delens
1257 693 1459 770 atque
1487 707 1881 771 expungens
1924 707 2055 752 non
2090 689 2237 772 jam
2280 709 2493 754 voces
2520 706 2672 754 ver-

469 814 728 879 susque
757 792 1078 875 singulos»,
1119 791 1236 856 sed
1274 793 1569 874 integras
1620 791 1883 857 Scenas
1935 792 2031 857 ita
2060 784 2302 856 notans
2331 792 2556 870 obelo,
2603 795 2671 855 et

468 897 845 964 decussatis
868 896 1094 972 lineis,
1114 896 1183 958 in
1204 894 1347 975 illo,
1367 915 1502 979 qno
1526 914 1694 960 usus
1720 914 1894 974 sum,
1926 896 2182 961 Codice
2206 897 2673 980 perstringenS,
2781 966 2786 971 ,

467 1002 574 1067 uti
626 1003 698 1064 in
756 998 1070 1064 Editione
1133 997 1559 1067 Boecleaiana
1601 1004 1974 1064 transverso
2015 998 2367 1065 illinendas
2406 1003 2671 1066 calamo

471 1108 721 1170 censet.
813 1101 1162 1166 Boeclerus
1197 1120 1359 1166 vero
1390 1121 1544 1166 cum
1574 1101 1908 1185 praeclara
1938 1103 2153 1167 multa
2181 1102 2406 1180 habet,
2435 1111 2574 1167 tum
2601 1102 2671 1165 in

473 1205 758 1270 artificio
795 1203 1075 1269 Comico
1117 1204 1587 1288 investigando
1636 1211 1709 1269 et
1739 1205 2105 1289 aperiendo
2134 1211 2379 1288 regnat.
2469 1203 2675 1283 Quod

473 1309 559 1373 de
591 1307 861 1391 Guyeto
903 1307 1071 1384 dixi,
1100 1308 1162 1371 is
1193 1308 1283 1372 ob
1320 1309 1601 1372 nimiam
1620 1309 1961 1374 licentiam
1990 1309 2228 1373 merito
2270 1309 2357 1372 ab
2395 1307 2677 1388 Elegan-

471 1411 740 1475 tissima
771 1409 1065 1474 Daceria
1091 1409 1393 1493 vapulat,
1423 1410 1511 1473 ad
1535 1410 1811 1476 Phorm.
1854 1428 1921 1473 v.
1966 1413 2031 1475 7.
2053 1409 2179 1476 29.
2270 1410 2496 1491 Digna
2521 1415 2679 1472 sunt
2791 1470 2796 1475 ,

475 1512 924 1576 Doctissimae
953 1509 1169 1576 Annae
1207 1513 1414 1577 verba
1459 1532 1615 1596 quae
1663 1517 2289 1578 commemorentur.
2376 1510 2486 1574 Ita
2515 1511 2634 1575 illa
2658 1529 2681 1574 τ

477 1618 498 1647 ‘
521 1601 654 1678 Ces
677 1614 845 1678 trois
877 1613 1210 1678 dernieres
1235 1613 1486 1679 Scenes
1513 1621 1664 1680 sont
1679 1615 2010 1699 peut-&tre
2037 1616 2138 1680 les
2167 1615 2322 1699 plus
2350 1614 2563 1678 belles
2594 1612 2678 1675 de

476 1720 620 1782 tout
642 1717 708 1780 le
739 1715 1128 1780 Phormion.
1217 1713 1611 1800 Cependant
1641 1710 1740 1780 M.
1772 1716 2004 1800 Guyet
2030 1718 2171 1781 leur
2194 1734 2237 1782 a
2259 1715 2532 1780 deciate
2548 1731 2681 1778 une

479 1821 540 1883 si
587 1819 829 1884 cruelle
872 1839 1126 1902 guerre,
1172 1817 1335 1901 qu’il
1383 1819 1483 1883 166
1514 1815 1860 1884 retranche
1886 1826 2031 1884 tout
2076 1818 2229 1883 d'un
2273 1837 2469 1902 eoup,
2497 1834 2682 1881 sans

474 1922 640 1987 faire
672 1922 968 2004 quartier
998 1919 1042 1984 a
1072 1940 1162 1983 un
1193 1921 1341 1984 seul
1386 1941 1554 1983 vers.
1645 1919 1752 1983 On
1800 1941 1885 1984 ne
1925 1926 2087 2003 peut
2135 1920 2549 2004 s’empecher
2596 1919 2680 1987 de

479 2024 645 2101 dire,
693 2043 823 2106 que
863 2022 1032 2087 c'est
1064 2020 1136 2086 la
1182 2043 1274 2094 un
1322 2020 1574 2104 degofit
1621 2021 1779 2085 d’un
1822 2024 2088 2087 homme
2117 2022 2407 2101 malade,
2438 2021 2680 2106 plutot,

479 2145 610 2208 que
640 2125 790 2189 d’un
821 2124 1120 2207 Critique
1136 2124 1494 2208 judicieux
1525 2128 1593 2189 et
1613 2125 1907 2191 delicat!

569 2227 779 2306 Quod
808 2229 878 2291 in
911 2227 1514 2292 observationibus
1547 2229 1840 2293 maxime
1870 2229 1959 2292 ad
1991 2229 2336 2310 Donatum
2359 2229 2683 2311 'frequens

479 2331 673 2394 vides
702 2327 1073 2394 Abrahami
1095 2329 1437 2412 Wielingii
1467 2348 1733 2407 nomen,
1760 2329 1964 2414 hujus
1982 2329 2147 2393 mihi
2172 2329 2684 2394 Consultissimi

481 2430 1034 2514 Amicissimique
1059 2429 1213 2495 Viri
1244 2431 1316 2494 in
1349 2432 1621 2496 Donato
1672 2433 2015 2497 sexcentis
2061 2433 2324 2497 mendis
2370 2432 2595 2496 obsito
2643 2450 2683 2494 6

484 2535 861 2619 conjectura
891 2535 1306 2599 restituendo
1333 2535 1618 2615 insignis
1643 2554 1849 2618 opera
1866 2535 2011 2600 fuit.
2086 2535 2367 2600 Scilicet
2388 2554 2538 2598 cum
2563 2534 2685 2597 ali-

485 2637 762 2721 quando
787 2638 875 2702 ad
893 2636 1411 2721 Amplissimum
1425 2635 1692 2715 Virum,
1737 2637 2117 2702 Samuelem
2160 2636 2500 2714 Hulsium,
2537 2635 2608 2699 H
2616 2656 2686 2700 a·

485 2758 681 2822 ganae
708 2737 1022 2806 Civitatis
1055 2739 1506 2818 Consularem,
1539 2740 2014 2824 praedivitiset
2044 2760 2204 2805 sane
2232 2758 2400 2804 rarae
2432 2738 2687 2803 Biblio-

483 2842 701 2907 thecae
731 2861 1199 2927 possessorem
1227 2844 1603 2921 inviserem,
1630 2862 2090 2926 rogaremque,
2109 2844 2228 2920 uti,
2249 2843 2485 2926 siquae
2514 2860 2689 2925 prae-

488 2928 664 3009 sidia
692 2944 859 3008 meis
889 2945 1129 3009 usibus
1171 2951 1334 3027 apta
1359 2944 1653 3023 haberet,
1711 2966 1797 3010 ea
1845 2946 2006 3010 1111111
2051 2965 2135 3010 116
2183 2964 2421 3028 negare
2468 2944 2688 3021 vellet,

489 3049 733 3109 Μουσῶν
792 3041 992 3130 θυρίδες
1042 3040 1290 3124 ἄφθονοι,
1362 3047 1721 3130 respondit
1770 3046 1900 3112 Vir
1961 3047 2536 3125 Humanissimus,
2589 3047 2690 3111 lu-

487 3146 902 3211 strandorum
931 3147 1280 3211 Librorum
1303 3148 1574 3230 copiam
1604 3149 1792 3228 facit,
1806 3169 2101 3233 moxque
2125 3149 2522 3231 Catalogum
2543 3169 2691 3234 per-

489 3267 771 3314 censens
811 3250 1411 3332 praestantissimas
1458 3253 1788 3335 quasdam
1831 3253 2174 3318 Editiones
2201 3251 2367 3316 mihi
2399 3253 2689 3335 seponit.

489 3350 637 3433 Ego
681 3352 932 3417 interea
959 3351 1211 3436 cupide
1239 3352 1460 3417 omnia
1486 3354 2033 3438 circumspiciens
2081 3353 2288 3419 incidi
2330 3353 2401 3417 in
2440 3354 2694 3419 Donati

492 3453 816 3520 Codicem
845 3454 981 3520 Ms.
1014 3455 1354 3538 quantivis
1382 3457 1605 3539 pretii.
1684 3458 1770 3522 Et
1795 3457 1995 3542 hujus
2017 3457 2181 3522 mihi
2211 3477 2418 3524 usura
2448 3458 2690 3523 eadem
2717 3500 2723 3511 ι

352 3566 363 3579 “
488 3558 891 3625 liberalitate
917 3556 1120 3636 facta,
1168 3562 1262 3636 ut,
1317 3559 1381 3622 si
1431 3578 1629 3643 quam
1670 3558 1823 3623 inde
1850 3561 2061 3639 veteri
2108 3559 2456 3643 Interpreti
2488 3580 2691 3643 opem

489 3662 656 3727 ferre
685 3681 973 3746 possem,
1014 3661 1088 3725 id
1134 3660 1443 3726 facerem.
1482 3700 1488 3707 -
1538 3661 1648 3727 Ibi
1678 3668 1818 3727 tum
1850 3662 2359 3727 Eruditissimus
2405 3662 2694 3727 Wielin-

494 3765 664 3845 giuS,
697 3764 966 3847 cognito
995 3784 1146 3828 meo
1178 3764 1488 3846 consilio,
1533 3784 1975 3849 quaecumque
2021 3764 2154 3828 sibi
2203 3765 2289 3829 ad
2344 3764 2692 3829 Donatum

497 3867 860 3930 observata
888 3870 1138 3945 essent,
1165 3868 1345 3933 ultro
1388 3868 1550 3932 mihi
1579 3868 1849 3932 obtulit.
1934 3866 2099 3947 Inde
2137 3867 2335 3950 igitur
2357 3886 2492 3932 non
2532 3886 2693 3931 eon-

495 3968 852 4033 temnenda
880 3968 1483 4035 observationibus
1512 3970 1760 4034 nostris
1804 3968 2106 4034 accessio
2135 3974 2241 4034 est
2266 3969 2469 4033 facta.
2558 3968 2696 4033 Sed

499 4075 567 4134 et
595 4070 876 4135 alterum
899 4069 1200 4154 ejusdem
1233 4071 1483 4137 Donati
1514 4072 1791 4136 Librum
1821 4077 2260 4147 nactussum,
2292 4069 2522 4134 itidem
2553 4089 2693 4133 ma·

498 4190 590 4238 nu
621 4180 998 4252 exaratum,
1018 4172 1322 4257 junctum
1354 4173 1597 4241 Codici
1623 4174 1723 4240 illi
1759 4173 1891 4243 Ms.
1910 4171 2478 4252 Boendermakeri‚
2498 4191 2694 4255 quem
