3050 4942
952 395 1051 444 nn
1097 391 1398 443 comcrs
1458 391 1842 445 vans-mus.
2360 378 2490 448 175

298 561 439 602 num
464 541 720 602 varietas
748 557 1124 602 numerorum
1168 537 1578 618 depositionis„
1623 549 1690 600 ut
1736 549 1986 600 vocant:
2058 559 2130 601 ea
2169 551 2262 602 est
2288 559 2490 603 versus

299 639 628 712 conclusio,
656 638 791 700 talis
818 633 1115 717 quaedam.
1199 637 1422 697 Versus
1453 637 1667 697 dicitur
1694 640 2094 718 ἀκατάληκτοσ,
2123 639 2224 718 qui
2250 648 2340 700 est
2367 640 2492 721 ple·

298 755 412 796 nus
441 746 505 796 et
531 731 779 815 integer,
807 744 868 795 et
891 732 1078 814 pedes
1108 753 1250 795 suos
1286 735 1465 796 habet
1492 744 1688 796 totos:
1734 745 1840 796 ut:

462 874 653 936 Poeta
680 893 814 934 cum
843 874 1094 953 primum
1122 872 1380 932 animum
1409 871 1487 933 ad
1519 872 1894 934 scribendum
1921 871 2169 953 appulit.

299 1006 527 1065 Versus
556 1013 649 1065 est
672 1004 957 1064 iambicus
985 1002 1265 1076 trimeter,
1296 991 1397 1082 qui
1425 1010 1485 1063 et
1505 1003 1768 1063 senarius
1796 1004 2192 1076 ἀκατάληκτοε.
2251 1000 2373 1061 Sic
2403 1009 2496 1062 est

302 1103 684 1172 ἆκατὰληκτοε
707 1099 1086 1159 Theocriteus
1107 1097 1203 1159 hic
1229 1098 1452 1178 primus
1480 1098 1540 1157 in
1571 1098 1800 1159 Fistula
1823 1119 1840 1160 ε

461 1228 714 1291 Οὐδενὸς
742 1233 1056 1307 εὐνάτειρα,
1078 1231 1561 1309 μακροπτολέμοιο
1590 1226 1656 1289 δὲ
1680 1231 1882 1308 ματὴρ.

307 1368 384 1428 Et
409 1376 622 1449 postea
649 1369 908 1433 σκάέωνε

465 1491 665 1562 Μαίης
690 1473 1049 1568 ἀντ’-ιπᾶτροὼ
1073 1488 1204 1549 θοὸν
1242 1494 1391 1550 τέκες
1422 1491 1703 1567 ἔθνντῆρα.

309 1617 387 1680 Et
413 1638 556 1681 mox
580 1619 976 1693 καταληκτικόε
1005 1622 1084 1682 eis
1111 1617 1449 1694 evnassv'w:

467 1745 623 1832 Οὐχὶ
650 1750 972 1828 Κεράσταν,
1000 1749 1069 1809 ὅν
1095 1772 1232 1810 ποτε
1259 1747 1504 1827 θρέψὰτο
1538 1750 1919 1827 τανροπάτωρ.

308 1886 387 1970 Et
411 1892 788 1967 πεντάμετροε
813 1883 1050 1958 deinde,
1078 1885 1173 1947 vel
1209 1885 1605 1960 καταληπτικὸε
1631 1888 1711 1947 εἰς
1739 1882 2071 1961 συλλαβὼε

466 2013 693 2098 Οὔνομ’
721 2015 859 2076 ὅλον
886 2014 1065 2081 δίέων
1090 2015 1122 2075 ὃ
1148 2022 1248 2077 τᾶς
1271 2021 1511 2096 μέροπας
1537 2018 1732 2077 πόθον.

309 2155 510 2242 Atque
539 2160 626 2221 ita
659 2181 848 2242 usque
893 2160 972 2222 ad
1024 2159 1256 2241 δίμετρα
1303 2165 1678 2233 'carulum-«xci
1727 2163 1804 2221 εἷς
1856 2158 2180 2235 συλλαβὴν,
2229 2163 2510 2240 καλλιόπᾳ

310 2267 374 2318 et
399 2257 709 2339 νηλεῦστφ.
816 2253 972 2316 Nam
1017 2257 1078 2315 in
1123 2255 1238 2316 hoc
1289 2276 1505 2336 genere
1552 2261 1888 2338 μονόμετροε
1933 2258 2309 2330 ἀκατάληκτοε
2347 2258 2513 2318 fieret

311 2373 468 2414 unus
494 2373 627 2433 pes.
710 2352 988 2414 Metimur
1014 2353 1171 2414 enim
1200 2354 1398 2413 omnia
1425 2371 1647 2434 genera
1672 2353 1997 2415 carminum
2036 2351 2285 2433 pedibus
2317 2352 2513 2434 dupli-

314 2450 486 2523 catis,
533 2458 748 2530 praeter
777 2448 1154 2530 dactylicum.
1239 2448 1429 2529 quue
1458 2459 1520 2510 et
1547 2451 1800 2510 Rufinus
1846 2450 2184 2510 testimonio
2223 2449 2513 2510 Herodoti

315 2546 742 2625 comprobavit,
784 2546 1031 2607 Veteres
1058 2545 1400 2607 factitasse:
1463 2565 1603 2607 nam
1652 2544 1947 2627 dactylica
1995 2546 2236 2606 oracula
2281 2546 2515 2605 reddita

314 2641 502 2703 fuisse
534 2642 619 2702 ait
646 2645 789 2723 τόνῳ
814 2645 1109 2725 ἑξαμέτρῳ.
1194 2640 1388 2723 Gygis
1418 2653 1617 2702 antem
1647 2642 1922 2703 facinoris
1950 2642 2281 2702 meminisse
2306 2641 2537 2714 Archi-²

315 2736 516 2806 locum
558 2739 622 2798 in
663 2739 916 2801 iambico
954 2757 1128 2803 versu
1170 2745 1457 2827 τριμέτρῳ,
1497 2739 1600 2819 qui
1642 2737 1980 2819 hujusmodi
2020 2738 2258 2819 quidam
2299 2738 2383 2798 ibi
2409 2756 2516 2797 as-

316 2834 603 2896 cribitur:
1168 2903 1173 2908 ,

566 2946 657 3009 Οὔ
682 2955 780 3027 μοί
808 2974 879 3026 γε
902 2949 1101 3025 Γύγεω
1129 2963 1226 3012 τοῦ
1253 2955 1614 3033 πολυχρύσου
1637 2954 1821 3033 μέλει.

322 3086 432 3147 Est
458 3105 606 3165 ergo
628 3095 688 3148 et
714 3087 1014 3167 elegiacus
1043 3088 1396 3169 dactylicus,
1424 3107 1623 3168 quem,
1646 3098 1716 3150 ut
1742 3088 1982 3163 scimus,
1998 3087 2185 3149 tribus
2214 3084 2518 3167 dactylicis

320 3183 580 3262 pedibus
611 3182 797 3259 additi
821 3185 1109 3266 anapaesti
1138 3186 1259 3246 duo
1288 3187 1630 3261 absolvunt,

557 3310 728 3372 Ὀτι-ι
755 3311 819 3372 δὲ
842 3321 1012 3393 μοῖρα
1037 3319 1264 3387 παθεῖν,
1286 3313 1353 3375 οὔ
1378 3340 1434 3377 τι
1461 3314 1689 3376 δέδοικα
1716 3320 1942 3377 παθεῖν.

573 3408 670 3467 Lis
698 3417 791 3468 est
817 3428 951 3469 eum
978 3411 1165 3471 forma
1187 3430 1409 3492 magna
1434 3411 1759 3491 pudicitiae.

328 3523 417 3589 Ita
459 3530 943 3611 penthemimeris
988 3540 1237 3612 utraque
1291 3534 1629 3613 conjuncta,
1681 3543 1740 3594 et
1789 3535 1922 3614 ipsa
1963 3532 2106 3593 facit
2154 3528 2525 3610 spondaeum,

332 3636 398 3686 ut
423 3625 510 3686 sic
539 3625 726 3705 pedes
754 3626 1012 3708 quinque
1062 3628 1337 3708 dactylici
1385 3638 1824 3698 construantur.
1909 3629 2021 3690 Est
2054 3638 2250 3688 autem
2280 3626 2525 3705 penthe-

336 3723 588 3783 mimeris
616 3724 681 3784 τὸ
705 3727 784 3803 μὴ
810 3729 1236 3805 πενθημιμερὴι,
1264 3723 1326 3784 id
1354 3734 1469 3798 est,
1510 3726 1798 3804 quinaria,
1826 3733 1962 3786 cu'm
1991 3724 2223 3806 syllaba
2245 3723 2309 3784 in
2349 3720 2527 3779 verbo

342 3830 608 3899 superest
636 3829 776 3899 post
801 3820 983 3900 pedes
1011 3820 1204 3881 duos:

896 3950 1077 4010 Arma
1102 3948 1409 4028 virumque
1431 3966 1603 4009 cano.

353 4075 861 4156 HePthemimffl’iss,
892 4076 954 4138 ¹⁸5
983 4082 1059 4151 μὴ
1088 4079 1476 4159 ἑφθημιμερὴς,
1507 4095 1643 4137 cum
1671 4076 1739 4137 fit
1757 4075 1871 4136 hoc
1898 4080 2037 4156 post
2060 4081 2179 4134 tres
2208 4068 2426 4153 pedes:

745 4204 1064 4267 Mnesthea
1093 4207 1554 4286 Sergestumque
1581 4216 1776 4267 vocat.
