3050 4942
512 397 645 463 174
1122 412 1552 461 JoAcfflsz
1597 409 2094 460 cAmsnAmvs

514 560 804 640 corruptis
852 555 1151 638 exemplis,
1196 568 1256 616 et
1294 558 1352 617 in
1403 556 1664 615 metricae
1700 574 2074 635 nequaquam
2101 564 2310 614 exacta
2337 555 2699 634 cognitione,

516 657 661 717 nihil
707 674 970 727 necesse,
1016 654 1110 713 vel
1157 654 1354 734 potius
1403 653 1757 713 curiositatis
1803 652 1919 711 hoc
1962 651 2155 725 suerit,
2196 652 2316 712 otio
2343 670 2461 711 non
2493 651 2701 711 admo·

517 755 657 813 dum
685 753 1000 813 liberaliter
1026 751 1342 812 abutentis.
1428 751 1697 810 Confusa
1737 749 1999 829 quidem,
2042 748 2105 808 id
2147 759 2258 822 est,
2305 754 2702 829 συγκεχυμένα

515 856 691 929 μέτρα
717 848 967 928 plurima
995 866 1127 908 sese
1156 845 1409 906 offerunt
1449 847 1670 925 passim
1717 854 1838 906 tam
1883 845 1944 905 in
1996 845 2232 918 Plauto,
2279 864 2456 925 quam
2484 846 2705 905 Teren-

516 947 641 1006 tio:
698 946 757 1007 in
806 946 1020 1027 quibus
1064 944 1289 1004 iambus
1343 952 1405 1003 et
1454 942 1769 1014 trochaeus,
1818 954 1879 1003 et
1925 942 2021 1002 alii
2068 940 2250 1021 pedes
2299 939 2700 1021 ingredientes

514 1043 646 1102 haec
672 1053 877 1113 metra,
920 1041 1286 1102 collocantur
1311 1041 1665 1121 promiscue.
1750 1038 1928 1109 Quod
1958 1050 2154 1099 autem
2183 1037 2261 1099 ad
2289 1043 2613 1113 καταλήξεις
2640 1046 2704 1099 et

518 1139 1034 1220 βραχυκαταλήξεις
1060 1147 1135 1199 et·
1162 1140 1621 1217 ὕπερκαταλήξεις
1668 1138 1895 1212 attinet,
1940 1136 2016 1197 de
2064 1155 2136 1196 eo
2181 1137 2372 1216 magis
2414 1135 2726 1220 suspicari=

517 1251 855 1318 possumus,
896 1256 1074 1317 quam
1117 1237 1261 1297 certi
1303 1236 1527 1317 aliquid
1571 1236 1994 1296 demonstrare.
2074 1232 2193 1302 Qui
2236 1242 2434 1294 tamen
2476 1234 2704 1312 cog-ita-

514 1335 679 1394 tione
705 1352 823 1393 non
853 1332 1122 1395 illiberali
1146 1332 1238 1392 his
1266 1333 1342 1393 de
1369 1334 1545 1394 rebus
1576 1351 1707 1392 sese
1736 1350 2023 1413 occupare
2044 1330 2355 1404 voluerint,
2383 1330 2422 1389 ii
2449 1330 2703 1412 primum

518 1428 599 1488 ad
646 1430 977 1511 exemplum
1030 1429 1270 1510 aliquod
1322 1430 1608 1492 rationem
1654 1448 2026 1491 numerorum
2079 1429 2139 1489 in
2187 1429 2453 1489 versibus
2501 1426 2706 1489 confe-

521 1535 673 1598 rent,
713 1534 775 1585 et
818 1527 903 1586 ita
950 1525 1350 1588 informabunt
1395 1528 1591 1587 animo
1635 1527 2125 1608 qualemcumque
2149 1526 2448 1587 notionem
2474 1523 2706 1585 horum.

522 1619 788 1683 Ponatur
813 1622 989 1702 igitur
1003 1622 1139 1690 hoc.
1206 1623 1499 1686 Numeros
1520 1643 1655 1685 esse
1676 1634 1846 1705 aptos
1862 1624 2152 1704 quosdam
2175 1635 2239 1684 et
2264 1621 2707 1694 determinatos,

520 1729 585 1780 et
612 1728 1045 1780 consentaneos
1095 1736 1274 1780 sonos
1320 1721 1478 1780 vocis
1533 1721 1826 1782 humanae.
1911 1720 1992 1779 Hi
2029 1740 2165 1780 cum
2214 1719 2277 1778 in
2303 1737 2446 1778 voce
2494 1728 2712 1777 natura

519 1815 725 1889 insint,
767 1816 829 1875 in
873 1817 1138 1878 oratione
1166 1833 1404 1897 quoque
1431 1815 1631 1877 inesse
1673 1826 1928 1897 oportet.
2008 1814 2151 1890 Sed,
2195 1835 2331 1875 cnm
2370 1814 2542 1875 abest
2566 1833 2712 1874 cura

521 1913 988 1995 compositionis,
1015 1924 1079 1975 et
1103 1934 1198 1975 ars
1226 1915 1503 1995 quasdam
1531 1915 1713 1976 veluti
1751 1923 2083 1987 structurae,
2123 1911 2298 1973 facile
2335 1910 2420 1973 illi
2445 1922 2508 1972 et
2533 1910 2714 1972 dissi-

523 2021 737 2089 pantur
784 2020 847 2071 et
887 2010 1261 2071 delitescunt.
1346 2012 1542 2091 Atque
1579 2011 1696 2072 hoc
1743 2022 1838 2072 est
1862 2009 2025 2090 quod
2058 2001 2409 2069 Aristoteles
2434 2009 2715 2087 poemata

523 2116 736 2187 suapte
766 2117 976 2188 sponte
1004 2107 1291 2180 extitisse,
1330 2117 1391 2167 et
1418 2108 1660 2168 fortuito
1685 2106 1974 2187 prodiisse
2002 2105 2104 2180 ait,
2146 2106 2271 2185 ipse
2300 2101 2713 2186 αὐτοσχεδιάσέ

521 2224 678 2283 ματα
704 2215 900 2263 vocat.
983 2202 1134 2264 Haec
1163 2201 1533 2263 concinnitas
1561 2202 1837 2283 qusedam
1861 2203 1935 2262 'in
1963 2201 2232 2262 omnibus
2275 2201 2494 2280 linguis
2542 2219 2713 2279 repe-

523 2299 690 2371 ritur,
720 2298 797 2359 ad
825 2317 1003 2378 quam
1028 2298 1254 2360 aurium
1281 2299 1693 2363 observatione
1723 2297 2005 2370 adhibita,
2046 2317 2247 2358 versus
2275 2298 2485 2371 extitit,
2511 2296 2713 2358 elabo-

524 2404 689 2455 ratus
720 2395 916 2456 studio
964 2403 1024 2454 et
1051 2405 1175 2456 arte
1224 2394 1661 2474 ingeniosorum
1710 2404 1770 2456 et
1796 2390 2104 2456 doctorum
2140 2393 2465 2466 hominum,
2493 2403 2555 2453 et
2582 2414 2717 2474 pro-

529 2508 706 2553 cessu
734 2501 1060 2573 temporum
1087 2492 1170 2554 ita
1199 2511 1308 2552 suo
1336 2491 1584 2572 quisque
1625 2493 1683 2553 in
1714 2512 1926 2573 genere
1965 2492 2283 2572 perfectuS,
2329 2501 2395 2552 ut
2420 2489 2565 2549 nihil
2591 2490 2714 2550 fieri

527 2588 859 2668 elegantius
890 2608 1080 2669 neque
1126 2589 1452 2669 pulchrius,
1502 2601 1610 2649 aut
1646 2589 1836 2669 magis
1864 2608 2144 2649 sonorum
2167 2596 2393 2667 posset.
2476 2588 2712 2648 Potest-

528 2684 750 2764 que-de
776 2686 993 2746 nostris
1026 2683 1354 2746 vernaculis
1379 2684 1693 2747 cantilenis
1721 2685 1898 2745 etiam
1936 2684 2135 2764 aliquo
2179 2683 2358 2744 modo
2404 2684 2522 2745 hoc
2568 2703 2712 2763 cog-

526 2781 717 2853 nosci,
742 2780 1077 2860 utquamvis
1123 2782 1274 2842 forte
1317 2781 1433 2843 hoc
1474 2782 1737 2861 ineptum
1770 2780 2054 2854 videatur,
2101 2781 2209 2841 sed
2235 2780 2297 2840 in
2324 2780 2540 2840 docere
2566 2778 2715 2839 fide-

525 2873 659 2936 liter
685 2878 959 2956 cupiente
986 2876 1130 2936 nihil
1176 2880 1461 2958 ineptum,
1510 2880 1562 2939 si
1608 2879 1982 2939 conferamus
2018 2878 2151 2939 haec
2192 2877 2481 2938 nostratia
2506 2876 2585 2936 ad
2612 2876 2716 2935 illa

529 2970 1033 3041 erudita;·nonne
1066 2975 1124 3033 in
1154 2972 1248 3033 his
1276 2975 1542 3035 similiter
1567 2976 1994 3049 desinentibus,
2040 2996 2175 3055 quae
2202 2984 2467 3036 nostrum
2499 2974 2713 3053 vulgus

527 3066 832 3152 rhythmos
861 3067 1141 3150 appellat,
1172 3070 1394 3149 aliquid
1442 3071 1707 3132 iambicis
1737 3072 1979 3132 senariis
2011 3072 2198 3132 simile
2227 3068 2613 3152 agnoscitur?
2654 3078 2717 3129 et

527 3161 591 3219 in
617 3162 810 3223 modis
838 3163 1200 3238 chorearum,
1229 3167 1400 3246 quasi
1445 3170 1870 3248 anapaesticum
1897 3179 1989 3231 est
2025 3179 2085 3230 et
2131 3169 2464 3250 paeonicum
2507 3167 2713 3228 melos.

531 3257 654 3318 Sed
681 3267 742 3319 et
767 3258 828 3318 in
858 3261 1055 3321 soluta
1075 3263 1337 3325 oratione
1354 3264 1661 3344 diligentia
1686 3286 1846 3327 nunc
1871 3266 2207 3337 multorum,
2238 3276 2509 3326 accurate
2537 3265 2717 3323 verba

527 3372 915 3434 componens,
959 3358 1218 3438 ῥύθρονε,
1259 3360 1359 3439 qui
1402 3369 1544 3420 sunt
1586 3363 1832 3435 numeri,
1885 3362 2088 3423 efficit.
2183 3362 2362 3422 Certo
2413 3370 2612 3421 autem
2656 3370 2717 3419 et

528 3450 705 3529 plane
752 3453 1063 3513 ostendere
1106 3456 1323 3527 omnia,
1372 3455 1436 3515 id
1477 3476 1610 3518 esse
1648 3458 1936 3537 ejusmodi
1978 3469 2123 3537 puto
2157 3470 2225 3518 ut
2273 3456 2403 3517 fieri
2437 3465 2715 3535 nequeat,

531 3548 1025 3627 quemadmodum
1063 3559 1126 3610 et
1150 3552 1209 3611 in
1236 3552 1390 3626 aliis,
1417 3572 1552 3632 quae
1577 3574 1689 3614 usu
1719 3554 1948 3635 perdita
1988 3554 2246 3626 fuerunt,
2277 3554 2626 3614 instauratio
2656 3565 2716 3614 et

528 3646 823 3706 restitutio
860 3645 1134 3707 absoluta
1159 3646 1534 3729 desperanda
1558 3660 1672 3710 est.
1756 3651 1947 3712 Citius
1975 3651 2129 3710 enim
2155 3652 2298 3710 mihi
2327 3651 2541 3730 aliquis
2568 3649 2714 3709 illud

528 3740 893 3832 Hesiodeum
910 3743 1238 3823 plaustrum
1259 3745 1551 3825 lignorum
1570 3757 1809 3808 centum
1830 3749 2444 3828 construxerit‚‘quam
2473 3767 2714 3806 scenam

528 3836 646 3897 hoc
693 3847 953 3919 tempore
1002 3841 1367 3921 explicuerit,
1412 3845 1683 3904 omnibus
1728 3845 1992 3924 partibus
2040 3854 2103 3905 et
2143 3845 2398 3903 numeris
2445 3845 2594 3916 suis,
2651 3852 2719 3902 ut

531 3931 770 4007 dicitur,
797 3936 1149 3997 absolutam.
1237 3938 1369 4000 Hoc
1396 3948 1593 3999 tamen
1625 3938 1869 3999 dubium
1897 3959 2016 3999 non
2043 3952 2156 4013 est,
2185 3940 2246 3998 in
2268 3941 2491 4020 linguae
2518 3937 2717 4019 cujus‘-

531 4047 649 4106 que
664 4049 778 4088 usu
793 4034 1323 4106 communi,harum
1339 4055 1527 4097 rerum
1548 4035 1834 4096 rationem
1854 4037 2194 4109 consistere,
2215 4055 2333 4115 quo
2355 4036 2714 4096 labefactato

533 4135 638 4181 aut
667 4126 905 4198 amisso,
932 4127 1035 4187 illa
1061 4148 1294 4209 quoque
1336 4130 1574 4190 vacillet
1598 4141 1774 4211 atque
1803 4133 2219 4205 confundatur,
2246 4133 2342 4193 vel
2370 4134 2567 4213 potius
2598 4151 2714 4191 non

534 4219 724 4297 magis
754 4230 1053 4299 appareat,
1104 4242 1348 4284 necesse
1376 4235 1490 4290 est.
1574 4227 1685 4287 Est
1712 4236 1910 4290 autem
1952 4229 2013 4289 in
2055 4230 2218 4291 omni
2263 4250 2478 4310 genere
2507 4228 2715 4291 carmi-
