3050 4942
821 367 952 415 »ΠΒ
999 367 1305 416 comens
1355 367 1984 420 munnsromnus.
2096 432 2104 444 p
2386 354 2519 422 143

318 511 370 570 si
389 510 714 570 eximatur.
798 511 978 580 Quid·
1005 495 1162 572 enim
1207 523 1387 585 esset,
1429 519 1448 547 ‘
1468 513 1723 573 enimero
1745 513 1789 572 2'
1830 513 1951 580 Sed
1999 515 2199 600 unani¹
2220 513 2511 594 syllabam

313 608 521 681 fuisse,
566 608 803 682 ‘enim,’
842 628 980 670 cum
1011 609 1229 670 vellent
1276 610 1559 670 arbitror:
1604 611 1895 690 siquidem
1946 612 2221 672 Graecum
2268 613 2378 673 fuit
2421 615 2512 685 ἢν,

313 708 426 775 ἦνὶ.
481 707 564 764 At
592 706 762 785 quasi
793 725 899 785 pro
927 718 1293 768 consonante
1316 728 1618 788 accepere,
1640 720 1706 767 ut
1726 709 2113 783 ostendimus,
2137 710 2197 769 in
2226 718 2242 744 ‘
2264 709 2511 784 Stellio:

316 811 334 835 ‘
354 802 620 872 invidia‚'
661 802 954 883 ‘injuria.'
1034 803 1210 872 Quod
1243 804 1293 863 si
1326 803 1422 863 cui
1460 804 1927 883 paulo'asperior
1954 805 2222 865 videatur
2246 825 2509 886 pronun-

313 898 521 966 tiatioz
566 898 617 958 is
644 918 764 959 non
793 899 1074 972 meminit,
1114 918 1185 959 ea
1224 900 1470 971 ratione,
1513 901 1644 960 ‘cui
1666 901 1681 923 ’
1719 922 1851 963 esse
1894 902 2406 982 monosyllabum:
2450 915 2511 965 et

311 1002 328 1029 ‘
354 995 631 1075 Pompei’
659 996 1052 1077 disyllabum:
1096 1006 1158 1057 et
1185 1003 1201 1029 ‘
1225 997 1335 1057 Cai
1353 998 1368 1022 ’
1397 998 1892 1079 monosyllabum,
1921 1011 1980 1060 et
2006 1006 2024 1034 ‘
2048 1000 2151 1060 bui
2175 1000 2211 1060 ε’
2238 1011 2320 1074 et,
2345 1000 2509 1079 quod

307 1091 569 1151 omnium
621 1091 1002 1153 durissimum
1052 1102 1165 1165 est,
1207 1100 1228 1127 ‘
1251 1092 1431 1155 huic!
1513 1094 2082 1157 Proceleusmaticos
2130 1109 2345 1157 autem.
2378 1096 2508 1155 aliis

307 1188 545 1249 duobus
574 1191 838 1270 versibus
869 1190 1333 1252 animadvertere
1361 1192 1625 1271 quidam,
1652 1204 1902 1272 utroque
1924 1214 1997 1254 ex
2014 1193 2272 1254 Andria:
2305 1199 2321 1227 ‘
2343 1193 2511 1252 Mala

307 1304 502 1358 mens,
528 1284 718 1346 malus
749 1286 980 1347 animus
1005 1307 1021 1347 ε
1063 1308 1239 1367 quem
1268 1288 1507 1367 quidem
1536 1309 1650 1370 ego
1679 1290 1731 1349 si
1771 1293 2053 1352 sensero!
2132 1300 2148 1326 ‘
2168 1290 2299 1351 Tibi
2327 1310 2508 1371 gene-

304 1402 435 1441 rum
463 1383 713 1456 firmum,
756 1394 816 1445 et
863 1384 1001 1445 filiae
1029 1386 1293 1446 invenies
1319 1386 1548 1447 virum.'
1630 1390 1720 1449 Ac
1766 1389 1842 1449 de
1884 1389 2076 1468 priore
2118 1388 2355 1470 quidem
2386 1406 2508 1447 non

308 1489 404 1540 est
451 1479 930 1561 disceptandum.
1012 1481 1082 1543 In
1133 1484 1458 1563 posteriore
1506 1495 1703 1547 autem
1747 1486 1979 1547 mollior
2027 1497 2158 1547 est:
2201 1494 2512 1565 propterea

309 1577 472 1655 quod
501 1578 731 1658 antiqui
758 1565 1130 1658 pronomina,
1159 1586 1177 1614 ‘
1200 1580 1320 1653 mi,'
1357 1592 1418 1642 et
1458 1588 1476 1616 ‘
1496 1582 1583 1656 ti:
1609 1581 2018 1664 monosyllaba
2046 1582 2511 1662 pronuntiabant

310 1674 386 1733 ab
414 1674 796 1736 AEolensibus
821 1688 1090 1755 accepta,
1114 1680 1235 1757 μοὶ,
1264 1681 1387 1738 roi:
1430 1687 1516 1753 tu‘,
1545 1665 1649 1740 rii:
1678 1681 1763 1752 τὲ,
1792 1690 1871 1740 te.
1949 1679 2050 1740 Sic
2077 1679 2230 1739 enim
2258 1677 2321 1737 in
2351 1677 2531 1766 (ἔω-ῥ’

309 1772 552 1849 galione
583 1772 990 1854 accipiendum
1020 1783 1148 1835 est:
1191 1782 1208 1807 ‘
1230 1775 1453 1835 Curato
1478 1795 1495 1835 ε
1537 1796 1651 1855 ego
1677 1776 1782 1835 tibi
1810 1775 1973 1856 quod
2016 1794 2202 1849 amas,
2235 1774 2361 1853 jam
2388 1774 2506 1833 buc

308 1868 653 1931 adducam!
732 1876 749 1903 ‘
772 1869 903 1929 Tibi
922 1871 937 1897 '
976 1870 1565 1949 proceleusmaticum
1612 1871 1710 1934 hic
1752 1892 1989 1952 quoque
2031 1871 2269 1942 facient,
2315 1889 2508 1948 neque

309 1967 611 2025 errabunt.
720 1966 854 2026 Hoc
902 1975 1132 2026 tantum
1180 1968 1524 2046 agebamus,
1578 1978 1647 2028 ut
1691 1969 2050 2050 intelligeres
2099 1967 2508 2029 secundior-em

306 2062 531 2121 fluxum
560 2080 761 2121 earum
792 2061 1151 2142 syllabarum
1197 2062 1276 2122 ad
1323 2065 1934 2142 proceleusmaticum,
1985 2084 2229 2145 quarum
2271 2062 2407 2122 duae
2443 2061 2506 2121 in

305 2177 487 2222 unam
516 2157 705 2236 redigi
740 2168 919 2238 atque
949 2159 1286 2220 coalescere
1328 2162 1582 2241 possint.
1668 2163 1762 2222 De
1805 2163 2021 2224 cretico
2067 2172 2285 2234 autem,
2327 2177 2507 2240 quem

306 2255 403 2314 isti
431 2254 594 2314 omni
621 2264 840 2314 conatu
888 2256 1319 2336 subterfugere,
1364 2257 1632 2337 pluribus
1663 2260 1986 2319 rationibus
2015 2270 2192 2339 atque
2221 2249 2530 2337 exemplis

308 2363 401 2412 est
428 2351 899 2430 disputandum.·
934 2352 1111 2425 Nam,
1142 2353 1192 2412 si
1218 2352 1277 2411 in
1307 2353 1608 2415 heroicum
1637 2355 1985 2428 admittitur,
2013 2355 2062 2416 si
2089 2356 2150 2415 in
2171 2354 2530 2435 Tragoedia,'

308 2448 472 2529 quod
501 2458 598 2508 est
622 2449 836 2529 poEma
868 2448 1114 2521 clarum,
1162 2449 1380 2523 nobile,
1424 2452 1666 2522 elatum,
1713 2465 1964 2527 castum,
2006 2452 2201 2513 locum
2241 2453 2503 2526 invenit;

307 2564 492 2625 quare
532 2544 596 2603 in
646 2543 905 2603 medium
950 2564 1023 2605 ac
1065 2545 1373 2625 vulgatum
1415 2566 1747 2608 sermonem
1796 2568 1917 2609 non
1962 2547 2314 2629 recipiatur?
2397 2547 2510 2607 Est

307 2646 488 2725 igitur
514 2641 677 2723 apud
727 2642 1008 2703 Poe‘tam:
1053 2649 1069 2676 ‘
1094 2643 1173 2703 Et
1219 2645 1574 2724 naufragum
1620 2645 2054 2726 Scyllacaeum.’
2138 2646 2357 2707 Dicent
2383 2664 2505 2705 non

306 2742 490 2806 fuisse
519 2740 895 2801 emendatum
923 2739 1152 2801 librum.
1235 2741 1317 2799 At
1342 2742 1485 2801 Vari
1513 2752 1575 2801 et
1601 2742 1815 2802 Tuccae
1852 2742 2080 2821 judicio
2125 2741 2505 2801 emendatum

308 2838 419 2898 fuit
447 2838 587 2897 hoc.
674 2838 752 2897 At
774 2837 952 2897 estin
983 2836 1466 2897 emendatissimo
1510 2838 1658 2899 libro
1705 2837 2064 2916 Georgicon,
2114 2837 2276 2917 quod
2325 2857 2508 2917 supra

309 2932 708 2995 adduximus:
752 2938 770 2966 ‘
795 2933 1025 3005 Stelli0‚
1066 2944 1129 2994 et
1175 2933 1492 3013 lucifugis!
1572 2936 1657 2994 At
1698 2945 1792 2995 est
1833 2934 2132 3016 Euripidae
2176 2955 2310 2995 eum
2349 2933 2506 3008 alibi,

309 3040 434 3090 tum
459 3031 523 3090 in
558 3030 843 3091 Hecubat
883 3030 1055 3090 Δυοῖν
1082 3029 1147 3089 δὲ
1173 3029 1400 3091 παίδων
1427 3029 1522 3090 δύο
1549 3035 1719 3108 νεκρὼ
1747 3032 2072 3108 κατόψεται.
2130 3031 2280 3090 Cum
2309 3042 2509 3092 tamen
2542 3105 2547 3112 .

311 3127 505 3188 dicere
534 3128 867 3207 potuisset:
908 3127 1140 3189 παίδοιν
1184 3127 1362 3188 δυοῖν.
1445 3129 1656 3208 Itaque
1704 3148 1814 3189 nos
1853 3148 2090 3208 quoque
2136 3129 2194 3188 in
2247 3128 2509 3202 Nemesi,

312 3223 646 3284 studuimus
692 3226 986 3304 gravitati,
1035 3236 1097 3286 et
1140 3226 1413 3286 auribus:
1456 3233 1473 3260 ⁴
1499 3226 1635 3287 Heu
1672 3247 1862 3307 genus
1889 3225 2250 3286 nefandum?
2331 3225 2507 3297 Nam,

313 3321 543 3401 abjecta
579 3322 1002 3401 interjectione,
1046 3322 1368 3400 exsanguis
1412 3322 1600 3382 oratio
1648 3334 1779 3383 est:
1821 3323 1961 3383 item
2004 3321 2052 3381 si
2095 3321 2282 3393 dicas,
2325 3328 2342 3356 ⁴
2370 3322 2509 3381 Heu

312 3437 456 3496 gens
487 3417 794 3478 nefanda!
875 3419 953 3478 Et
981 3418 1095 3479 alio
1123 3420 1256 3479 loco
1292 3420 1622 3498 posuimus,
1664 3426 1680 3454 ‘
1707 3420 1946 3480 sinistra
1970 3418 2007 3478 ι’
2051 3418 2341 3499 potuisset
2368 3418 2508 3492 dici,

312 3520 326 3546 ‘
348 3513 590 3575 scaeva.'
656 3514 776 3574 Sed
805 3515 1008 3596 paucis
1037 3535 1209 3575 aures
1238 3517 1487 3595 po‘eticae
1516 3515 1676 3577 datae
1705 3527 1864 3577 sunt.
1935 3515 2256 3589 Praeterea,
2285 3515 2335 3576 si
2364 3514 2508 3576 dac-

314 3611 470 3689 tylus
500 3621 564 3670 et
591 3621 930 3690 anapaestus
958 3611 1017 3672 in
1047 3613 1225 3673 iambi
1251 3614 1384 3674 loca
1414 3613 1645 3675 suffecti
1676 3624 1836 3686 sunt,
1862 3632 2115 3693 quorum
2141 3612 2362 3672 utervis
2387 3631 2510 3672 una

311 3705 476 3768 illum
506 3718 569 3768 et
594 3708 826 3788 syllaba
852 3718 914 3769 et
939 3719 1201 3790 tempore
1231 3722 1557 3789 superaret,
1596 3730 1778 3790 quare
1803 3730 1935 3771 eam
1960 3708 2258 3769 licentiam
2288 3719 2509 3767 sermo-

314 3803 401 3861 nis
430 3802 644 3864 eadem
670 3805 892 3884 puritas
918 3824 1039 3864 non
1068 3806 1330 3885 coiigerit
1355 3805 1614 3884 recipere
1643 3805 1934 3885 quasdam
1959 3823 2162 3876 voces,
2202 3804 2264 3862 in
2292 3804 2509 3882 qulbus

317 3909 474 3960 esset
501 3899 799 3961 creticus?
847 3903 1172 3983 praesertim
1201 3922 1335 3963 cum
1365 3922 1399 3963 e
1426 3903 1592 3983 puris
1618 3901 1850 3964 creticis
1879 3902 2106 3981 aliquot
2130 3920 2335 3962 versus
2363 3921 2509 3961 con-

321 4005 496 4056 stent.
559 3995 879 4071 Praeterea,
903 4019 974 4059 ea
1002 4000 1263 4073 nomina,
1290 4002 1610 4079 verbaque,
1640 4000 1829 4073 Deus,
1857 3999 2007 4070 dies,
2034 3997 2167 4071 fuit,
2196 4017 2348 4071 mea,
2378 4018 2508 4072 sua,

323 4099 441 4164 tua,
466 4112 537 4152 eo
566 4093 884 4172 pertinent,
929 4105 1017 4166 ut,
1061 4116 1196 4155 cum
1224 4096 1635 4157 collectionem
1663 4098 1725 4157 in
1753 4116 1931 4157 unam
1962 4094 2252 4176 syllabam
2276 4096 2510 4174 patian-

327 4195 434 4260 tur,
463 4186 722 4250 doceant
747 4210 857 4252 nos
884 4192 943 4250 in
972 4193 1190 4253 cretico
1218 4193 1375 4253 idem
1403 4214 1641 4273 quoque
1669 4193 1794 4257 fieri
1822 4212 2022 4274 posse,
2049 4202 2120 4252 ut
2137 4192 2510 4254 emolliantur
