3050 4942
527 415 680 488 182,
1125 389 1560 484 macrinius
1603 427 2101 482 osannanms

525 594 655 656 pro,
684 594 882 636 senex.
945 573 1216 654 AEdepol,
1244 572 1461 654 aedpol.
1522 572 1820 653 Virgines,
1848 574 2104 654 virgnes.
2177 561 2410 633 Semine
2437 572 2706 658 oriundi:

529 672 650 733 Sed
677 674 863 765 magis
911 672 1268 746 universum,
1305 670 1464 751 apud
1493 669 1845 745 Lucretium,
1876 671 2088 732 Semne
2113 679 2178 730 et
2202 690 2535 731 unversum.
2606 669 2705 729 Sic

528 780 589 831 et
614 773 695 841 in,
745 779 975 844 evenat,
1022 770 1234 831 extrita
1279 771 1298 828 i
1340 770 1509 831 litera
1533 768 1785 844 videtur,
1809 777 1881 830 ut
1901 768 2068 849 apud
2094 766 2369 842 Ennium,
2415 768 2707 829 referente

527 865 724 928 Nonio
751 887 766 927 t

686 980 879 1041 Senex
907 980 1071 1054 siem,
1099 979 1324 1041 utinam
1349 989 1595 1041 mortem
1621 990 1895 1061 oppetam
1922 979 2264 1060 priusquam
2292 987 2520 1039 evenat.

688 1076 865 1144 Quod
891 1076 951 1135 in
978 1077 1263 1157 pauperia
1286 1096 1419 1137 mea
1444 1097 1628 1137 senex
1655 1078 1904 1157 graviter
1930 1096 2181 1157 gemam.

524 1202 689 1273 Quin
709 1204 882 1263 etiam
905 1202 1156 1264 initiales
1178 1202 1436 1284 syllabas
1454 1205 1628 1284 quasi
1656 1206 2037 1265 absorbentes
2058 1204 2251 1264 minus
2269 1213 2709 1284 expresserunt.

523 1300 649 1361 Sed
672 1299 753 1361 ad
782 1300 1147 1360 extritionem
1175 1310 1549 1361 revertamur.
1634 1300 1883 1361 Delituit
1927 1301 2103 1381 igitur
2150 1302 2212 1359 in
2261 1300 2469 1360 Latina
2506 1300 2711 1380 lingua

531 1418 690 1480 saepe
718 1417 788 1459 ac
814 1397 1065 1460 multum
1082 1397 1150 1456 in
1176 1398 1651 1476 pronuntiatione
1678 1398 1848 1457 litera
1876 1417 1941 1458 s:

768 1510 1002 1572 Samnis
1029 1529 1274 1590 spurcus
1299 1510 1477 1571 homo
1501 1512 1623 1572 vita
1650 1511 1753 1573 illa
1774 1511 1989 1589 dignus
2016 1509 2285 1590 locoque.

768 1607 1040 1669 Formido
1065 1608 1210 1687 quid
1234 1628 1352 1689 ago
1375 1626 1394 1676 ς
1433 1608 1533 1682 da,
1560 1608 1788 1682 Venus,
1813 1607 2145 1669 eonsilium.

766 1704 1021 1766 Pandite
1046 1705 1218 1767 sultis
1246 1725 1454 1786 genas.

766 1801 1000 1864 Puncto
1026 1803 1305 1884 temporis
1333 1802 1605 1865 reddant.

424 1919 431 1925 ’
530 1934 667 1994 Huc
693 1933 1001 1996 referenda
1038 1935 1143 1995 illa
1168 1955 1303 2014 quae
1328 1954 1369 1994 a
1398 1934 1683 1994 Cicerone
1725 1939 2139 2003 memorantur,
2184 1926 2569 2000 multimodis,
2609 1947 2713 1986 va-

530 2032 874 2110 sargenteis,
918 2031 1120 2113 palpet
1165 2032 1424 2094 crinibus
1473 2031 1858 2092 tectifractisz
1902 2049 2028 2109 pre,
2075 2026 2276 2087 multis
2318 2025 2529 2097 modis,
2557 2025 2713 2083 vasis

530 2138 759 2206 argent.
786 2127 1000 2207 palmis
1029 2137 1090 2186 et
1115 2149 1197 2189 cr.
1224 2130 1397 2190 tectis
1444 2128 1515 2187 fr.
1600 2127 1678 2186 Et
1722 2126 1840 2186 illae
1876 2128 2173 2203 συγκοπαὶ,
2203 2121 2528 2183 secundum
2561 2140 2713 2200 quas

528 2221 635 2281 tali
675 2231 738 2283 et
780 2221 877 2281 ala
922 2223 1130 2282 extitit·
1155 2223 1231 2283 de
1259 2222 1477 2283 taxillis
1503 2231 1566 2282 et
1593 2221 1808 2281 axilla:
1849 2230 1908 2280 et
1938 2239 2132 2281 meum
2159 2219 2400 2289 factum,
2448 2215 2710 2284 exitium,

528 2337 656 2398 pr0,
682 2337 944 2380 meorum
972 2320 1280 2392 factorum,
1322 2329 1383 2379 et
1429 2320 1768 2380 exitiorum:
1807 2340 1944 2397 quae
1992 2318 2051 2376 in
2097 2314 2450 2395 quibusdam
2476 2312 2712 2371 usitato

531 2413 850 2476 admodum
876 2416 1132 2490 fuerunt,
1170 2417 1719 2490 Deum„nummum
1743 2435 2004 2488 aureum,
2031 2413 2293 2474 liberum.
2373 2408 2717 2496 Quinetiam»

528 2511 777 2571 duorum
805 2511 1058 2571 virorum
1097 2512 1402 2592 judicium,
1446 2522 1552 2572 aut
1589 2511 1763 2572 trium
1792 2512 2039 2571 virorum
2068 2507 2429 2589 capitalium,
2476 2514 2582 2565 aut
2610 2504 2712 2563 de-
2791 2578 2796 2584 Ι

526 2628 655 2668 cem
687 2609 939 2670 vir‘orum
981 2608 1178 2670 litibus
1216 2608 1580 2690 judicandis,
1629 2609 1712 2668 ait
1761 2616 1849 2668 se'·
1874 2608 2102 2679 Cicer0,
2152 2605 2346 2664 dicere
2389 2619 2712 2681 nunquam,
2785 2624 2792 2629 ·

527 2706 826 2784 quomodo
855 2727 1036 2790 ergo.
1015 2707 1043 2752 ‘²
1084 2708 1354 2769 nimirum
1386 2712 1858 2786 συγκεκομμένωε,
1896 2703 2078 2764 duum
2105 2703 2312 2771 virum,
2340 2709 2401 2758 et
2426 2698 2603 2758 trium
2629 2701 2714 2761 vi·-

525 2799 676 2875 ium,
705 2813 763 2864 et
791 2803 996 2866 decem
1018 2806 1224 2868 virum.
1302 2808 1455 2868 Item
1505 2805 1636 2877 siet,
1681 2804 1777 2864 sit.
1861 2803 1911 2860 E
1957 2820 2078 2880 rep.
2128 2817 2257 2878 pro,
2308 2816 2420 2857 ex:
2460 2799 2715 2899 pomeri-

524 2895 736 2959 dianas
764 2901 1104 2982 quadrigas,
1148 2923 1275 2983 pro,
1326 2901 1840 3021 postmeridianas,
1924 2897 2035 2956 His
2076 2895 2372 2956 addantur
2397 2867 2713 2957 ἅποκοπαίι

527 2993 745 3067 viden',
790 2996 926 3069 ain',
976 2998 1172 3070 satin'‚
1220 3000 1394 3071 men',
1440 2996 1680 3064 mihin';
1725 2997 1799 3056 de
1842 2994 2054 3074 quibus
2102 2991 2429 3051 abscissum
2473 2999 2588 3065 est,
2616 3012 2715 3054 ne·

526 3088 700 3164 Exin,
729 3090 883 3165 dein,
912 3093 1102 3171 proin,
1132 3102 1455 3173 amputato,
1486 3091 1561 3150 de
1586 3111 1601 3151 :
1644 3091 1847 3162 famul,
1875 3108 2003 3172 pro,
2026 3088 2307 3149 famulus,
2377 3088 2712 3150 Lucretius:

702 3195 709 3201 ⁴
754 3215 926 3283 Ossa
948 3216 1093 3278 dedi
1117 3227 1290 3280 terroe
1317 3216 1564 3298 proinde
1594 3237 1664 3279 ac
1692 3218 1876 3278 famul
1903 3216 2135 3277 infimus
2164 3225 2341 3278 esset.

521 3345 741 3426 Volup,
770 3346 1009 3417 animal,
1036 3348 1367 3427 exemplar;
1412 3345 1488 3407 de
1517 3346 1727 3426 quibus
1757 3345 2007 3430 recisum
2037 3355 2131 3406 est
2151 3365 2185 3405 e
2209 3366 2226 3407 t
2270 3344 2375 3418 illi,
2402 3366 2529 3427 pro,
2570 3346 2712 3409 illic.

519 3444 657 3503 Jam
685 3441 761 3501 de
786 3441 1171 3523 productione
1196 3452 1260 3504 et
1294 3444 1662 3523 correptione
1709 3442 2018 3505 vocalium,
2045 3442 2235 3503 multa
2275 3442 2396 3502 dici
2439 3454 2710 3521 possent.

520 3539 680 3612 Fuit,
705 3540 829 3599 fieri
854 3560 870 3599 ι
909 3549 1150 3602 extenta
1190 3542 1378 3621 priore
1402 3542 1655 3621 syllaba.
1742 3541 2030 3621 Inclytus,
2058 3549 2125 3599 ut
2151 3541 2234 3600 ait
2261 3539 2492 3613 Cicero,
2521 3540 2711 3619 prima

515 3634 700 3695 brevi.
782 3635 1120 3696 Secundum
1146 3637 1276 3697 haec
1307 3637 1455 3696 fiunt
1494 3636 1756 3699 mirificae
1799 3636 2163 3709 eollisiones,
2198 3635 2502 3707 elisiones,
2531 3635 2712 3695 detri-

513 3729 730 3802 tiones,
757 3741 821 3791 et
845 3732 1397 3813 comprehensiones
1427 3732 1725 3792 literarum
1756 3752 1827 3793 ac
1855 3732 2234 3812 syllabarum,
2276 3741 2340 3791 et
2361 3732 2712 3810 pronuntia.-

517 3828 678 3889 tione
698 3849 858 3901 vera,
899 3850 1077 3910 quam
1105 3849 1264 3911 saepe
1287 3849 1397 3889 nos
1427 3850 1548 3890 non
1586 3849 1902 3911 possumus
1932 3829 2286 3910 conjecturis
2313 3830 2534 3890 nostris
2564 3849 2709 3890 con-

516 3924 706 4003 sequi,
754 3945 956 3986 versus
983 3926 1349 4007 procedunt:
1390 3926 1450 3985 in
1477 3926 1692 4004 quibus
1724 3925 2011 4004 scriptura
2038 3944 2158 3985 non
2186 3943 2341 3997 rar0,
2380 3925 2709 4005 praesertim

513 4018 576 4077 in
606 4018 931 4093 dilatando,
958 4041 1233 4083 numeros
1262 4040 1382 4081 non
1411 4004 1651 4081 servan·
1710 4021 1830 4080 Sed
1860 4041 2017 4084 nunc
2045 4032 2109 4082 et
2132 4039 2356 4094 eorum,
2385 4019 2462 4082 de
2490 4023 2709 4102 quibus

514 4113 702 4173 multo
728 4115 920 4174 minus
949 4115 1223 4190 diximus,
1272 4134 1450 4196 quam
1492 4116 1609 4175 dici
1655 4117 1964 4196 potuisset,
2006 4125 2068 4178 et
2104 4127 2302 4178 tamen
2348 4117 2494 4177 satis
2522 4117 2710 4177 fuisse

513 4199 891 4269 manifestum
931 4211 1210 4274 indicium
1255 4212 1506 4284 videtur,
1552 4209 1831 4273 Plautina
1856 4214 2127 4295 exempla
2153 4213 2503 4276 afferamus:
2540 4213 2714 4275 etita

513 4302 755 4366 tandem
781 4306 935 4366 hanc
960 4306 1129 4386 quasi
1157 4308 1814 4370 commentatiunculum
1843 4310 2115 4371 finiamus
2141 4330 2158 4369 ι
2225 4333 2234 4338 ·
