3050 4942
527 363 655 429 140
1104 380 1374 429 sumus
1425 379 1686 429 cassan
1733 379 2107 428 scaniensi

528 523 808 603 scriptum
838 533 932 584 est
969 523 1123 583 inter
1151 522 1589 586 adolescentem
1614 535 1679 585 et
1696 522 1911 597 lenam,
1941 522 2186 585 senariis
2214 523 2522 604 expletur:
2564 541 2710 603 quo-

526 621 683 680 niam
724 621 801 680 sit
825 620 1081 680 narratio
1135 620 1449 700 quaedam:
1492 641 1832 701 quanquam
1883 642 1958 682 ne
2013 622 2110 683 hic
2165 618 2404 702 quidem
2456 640 2711 700 semper.

530 717 685 778 Nam
714 717 907 797 longis
945 719 1211 778 versibus
1252 728 1453 779 narrat
1492 720 1554 777 in
1584 719 1861 780 Rudente
1890 720 2175 800 GrippuS,
2203 719 2429 779 eventis
2459 719 2713 779 fortunae

529 833 660 874 sese
690 816 841 875 bene
885 826 1211 895 acceptum.
1268 816 1349 877 At
1375 815 1435 875 in
1478 814 1689 886 eadem
1731 835 1908 877 senex
1957 817 2245 877 somnium
2282 814 2579 877 trimetris.
2623 815 2715 874 Ex

524 912 788 993 utrisque
817 932 974 986 vero,
1017 923 1193 992 atque
1214 912 1390 973 etiam
1413 912 1543 973 aliis
1572 911 1760 975 mistis
1788 913 1963 973 Sosia
1988 913 2466 993 Amphitryonis:
2525 929 2717 991 quau·-

519 1029 726 1087 quam,
759 1009 855 1070 ubi
883 1009 962 1070 ad
993 1030 1206 1071 manus
1235 1018 1473 1072 ventum
1501 1019 1614 1082 est,
1643 1010 1967 1071 iamborum
1995 1012 2111 1070 rim
2141 1022 2319 1091 atque
2349 1009 2714 1070 alacritatem

528 1105 839 1168 minutiore
866 1127 1011 1189 gyro
1038 1107 1224 1169 flectit
1251 1127 1323 1167 ac
1350 1107 1558 1168 vibrat.
1623 1107 1775 1166 Cum
1803 1106 1979 1186 igitur
2006 1119 2124 1166 tam
2168 1108 2605 1167 inconstantem
2633 1106 2720 1165 le-

530 1221 662 1280 gem
685 1202 1013 1277 videamus,
1033 1215 1103 1265 ut
1125 1203 1242 1263 illis
1260 1204 1448 1284 poetis
1478 1223 1669 1283 neque
1696 1222 1854 1262 eures
1882 1204 2077 1276 fuerit,
2099 1204 2184 1263 uti
2211 1203 2496 1277 facerent,
2521 1222 2719 1283 neque

529 1298 696 1360 salvo
741 1302 878 1380 puri
936 1302 1221 1362 sermonis
1265 1301 1455 1360 nitore
1500 1300 1733 1360 efficere
1775 1309 2038 1379 potuere,
2084 1299 2169 1359 uti
2217 1300 2471 1360 numeris
2510 1306 2720 1360 essent

530 1397 990 1466 afflictioribus:
1033 1418 1145 1459 nos
1191 1399 1278 1460 sic
1306 1399 1568 1471 inventa,
1606 1409 1709 1460 aut
1734 1397 2234 1477 quemadmodum
2263 1397 2543 1469 existunt,
2583 1415 2718 1475 per-

527 1492 849 1569 mittamus,
875 1507 981 1557 aut
1008 1496 1058 1558 si
1086 1496 1229 1577 quid
1259 1496 1477 1557 sinistri
1507 1514 1638 1555 sese
1660 1493 1890 1568 offerat,
1907 1515 1982 1556 ne
1999 1495 2205 1555 odiose
2225 1504 2682 1573 extorqueamus
2699 1512 2719 1552 ε

529 1595 852 1670 praesertim
881 1615 1016 1656 cum
1053 1596 1307 1658 licentiae
1333 1595 1538 1655 vitium
1567 1614 1701 1654 cum
1734 1593 1982 1665 Groecis,
2018 1591 2177 1652 unde
2205 1594 2575 1660 sumsissent,
2602 1589 2717 1649 sibi

530 1709 863 1767 commune,
905 1693 1164 1767 licentia,
1196 1695 1283 1754 uti
1310 1692 1482 1766 solet,
1512 1712 1748 1753 auxere.
1833 1691 1990 1750 Illud
2018 1710 2176 1763 vero,
2204 1687 2367 1769 quod
2395 1687 2579 1768 aliqui
2607 1686 2723 1746 du·

527 1787 793 1863 bitando‚
822 1792 1062 1872 quidam
1088 1792 1266 1853 etiam
1295 1790 1693 1853 asseverando
1711 1791 2028 1869 negabant,
2051 1787 2311 1847 Fabulas
2332 1785 2723 1847 Terentianae

528 1885 803 1946 trimetris
850 1889 1347 1969 circumscriptas,
1401 1888 1613 1948 falsum
1663 1907 1796 1947 esse
1840 1885 2352 1965 deprehendimus.
2456 1882 2614 1942 Nam
2660 1893 2723 1942 et

530 1980 687 2060 apud
715 2004 849 2043 eum
881 1988 1115 2064 poetam
1165 1987 1299 2067 plus
1346 2007 1479 2046 esse
1522 1985 1699 2064 hujus
1728 1984 2000 2044 carminis
2037 1983 2338 2044 invenies:
2390 1990 2452 2040 et
2492 1991 2723 2053 contra,

531 2077 691 2156 apud
722 2079 998 2146 Plautum
1027 2082 1373 2161 quadratos,
1401 2082 1634 2161 aliaque
1664 2082 1992 2160 longiorum
2020 2098 2256 2158 genera.
2296 2078 2527 2138 Andria
2549 2097 2725 2157 pane

532 2194 606 2234 ex
634 2195 809 2254 aequo
835 2176 1026 2238 divisa
1050 2179 1111 2237 in
1141 2189 1452 2257 utrumque
1479 2198 1668 2257 genus
1696 2187 1809 2244 est.
1894 2176 2074 2236 Haud
2121 2177 2277 2236 enim
2319 2176 2404 2236 ita
2430 2174 2619 2235 multo
2646 2176 2724 2236 ab

529 2271 727 2352 longis
757 2276 1118 2338 senariorum
1145 2296 1424 2337 numerus
1454 2286 1783 2355 superatur.
1868 2276 1938 2335 In
1984 2274 2294 2346 EunuchO,
2323 2284 2384 2333 et
2411 2273 2723 2333 Heauton·

531 2370 942 2445 timorumeno,
973 2374 1131 2435 item.
1215 2376 1298 2435 At
1343 2375 1405 2437 in
1449 2374 1740 2452 Adelphis
1780 2394 1953 2453 paene
1997 2393 2068 2433 ex
2096 2370 2426 2452 quadrante
2451 2368 2618 2448 longi
2649 2371 2727 2428 ab

534 2467 781 2527 senariis
828 2470 1217 2531 exceduntur.
1328 2471 1748 2532 Phormionem
1795 2470 1992 2551 potior
2039 2468 2399 2528 senariorum
2423 2485 2726 2526 numerus

531 2565 791 2628 conficit.
875 2568 1112 2649 Hecyra
1130 2569 1317 2630 laxior
1343 2568 1568 2641 sabula,
1591 2587 1662 2628 ac
1689 2566 2015 2647 pedestrior
2041 2576 2136 2626 est
2161 2584 2176 2625 ε
2217 2564 2437 2644 itaque,
2464 2564 2727 2624 omnium

532 2661 1034 2740 Terentianarum,
1061 2667 1142 2729 ad
1170 2686 1496 2729 sermonem
1526 2666 1935 2748 quotidianum
1964 2683 2142 2743 quam
2168 2662 2430 2743 proxime
2460 2660 2729 2721 acceditt

534 2771 629 2821 est
653 2771 850 2824 tamen
879 2765 936 2823 in
968 2784 1039 2824 ea
1067 2766 1429 2828 senariorum
1455 2766 1591 2842 plus
1620 2763 1793 2823 tertia
1819 2774 2007 2842 parte.
2086 2761 2169 2821 At
2190 2756 2423 2852 conqm
2449 2756 2729 2817 Plautina

535 2859 904 2941 Amphitryo,
930 2876 990 2922 et
1017 2863 1288 2937 RudenS,
1318 2864 1415 2925 vix
1443 2872 1604 2924 totus
1627 2861 1930 2941 quadrans
1959 2857 2225 2937 expletur
2253 2854 2525 2940 senariis.
2588 2854 2731 2916 Asi-³

535 2955 722 3029 naria,
769 2943 1070 3037 Epidicus,
1115 2981 1294 3039 quam
1319 2971 1627 3039 tantopere
1653 2960 1780 3038 ipse
1809 2966 2013 3017 auctor
2058 2947 2309 3025 laudat,¹
2333 2951 2730 3025 Mostellaria,

538 3052 918 3127 Menaechmi,
962 3056 1161 3129 Miles,
1207 3058 1521 3129 Mercator,
1562 3054 1921 3129 Pseudulus,
1950 3050 2271 3122 Aulularia,
2299 3046 2541 3122 Casina,
2571 3048 2732 3108 Gara

538 3148 721 3227 guiio,
751 3149 1103 3225 Bacchides,
1130 3138 1333 3213 aut’ex
1360 3154 1625 3232 utrisque
1654 3171 1824 3231 oeque
1852 3139 2149 3238 constant,
2200 3159 2302 3206 aut
2328 3146 2506 3205 etiam
2532 3145 2728 3205 minus

537 3246 761 3306 habent
788 3248 1171 3311 senariorum.
1255 3251 1486 3330 Captivi
1514 3270 1674 3324 vern,
1719 3261 1778 3310 et
1822 3249 2028 3320 Persa,
2070 3255 2131 3306 et
2158 3242 2444 3303 Poenulus
2472 3242 2607 3321 plus
2636 3240 2731 3304 di··

540 3342 719 3403 midio
767 3354 947 3405 textae
998 3355 1138 3405 sunt
1181 3347 1397 3427 longis.
1492 3346 1868 3407 Trinummus
1917 3343 2223 3421 legebatur
2266 3337 2556 3398 hactenus
2601 3346 2735 3404 tota

541 3439 866 3520 quadratis,
916 3454 1021 3501 aut
1061 3461 1179 3503 non
1227 3444 1417 3508 multo
1460 3442 1842 3502 brevioribus.
1927 3439 2071 3498 Eam
2119 3454 2228 3496 nos
2255 3434 2340 3493 ita
2366 3433 2732 3493 restituimus

541 3538 806 3622 pristinas
835 3540 1176 3612 sinceritati,
1203 3552 1273 3604 ut
1291 3540 1367 3599 ad
1395 3540 1754 3619 quingentos
1776 3536 2040 3596 senarios
2069 3530 2521 3606 excusserimus.
2565 3529 2732 3599 Quo·

541 3658 667 3700 rum
700 3648 894 3699 tamen
926 3657 1168 3702 numero
1210 3645 1500 3719 praestant
1547 3631 1711 3714 longi
1750 3651 1954 3692 versus
1982 3629 2189 3709 duplo·
2269 3625 2463 3695 Quam
2487 3644 2731 3705 operam

542 3735 718 3796 etiam
755 3755 891 3798 cum
935 3734 1294 3795 Truculento
1343 3731 1856 3813 impendissemus,
1894 3726 2073 3809 paulo
2114 3724 2310 3783 minus
2338 3721 2613 3782 ducentis
2641 3742 2734 3784 ne-

458 3887 463 3895 .
543 3833 831 3907 formatis,
850 3843 1075 3893 tantam
1100 3831 1432 3911 longiorum
1461 3827 1793 3889 invenimus
1813 3820 2263 3892 multitudinem,
2285 3817 2383 3878 vix
2402 3828 2472 3878 ut
2497 3816 2731 3879 illorum

542 3929 605 3988 bi
632 3939 834 3988 essent
857 3949 996 4010 pars
1022 3928 1250 4009 quinta.
1334 3927 1532 4004 Atque
1580 3926 1627 3983 is
1673 3923 1837 3982 labor
1862 3938 1981 3979 non
2008 3927 2227 3978 temere
2254 3925 2570 3994 susceptus
2599 3926 2692 3976 est
2714 3935 2730 3975 ε

544 4044 679 4084 cum
700 4036 819 4085 tam
845 4026 1018 4087 facile
1042 4025 1416 4086 mendacium
1444 4017 1794 4090 Quintiliani
1823 4015 2174 4076 auctoritate
2200 4021 2518 4090 tegeretur.
2578 4011 2732 4071 Nam

543 4122 643 4182 isti
671 4122 870 4201 magni
896 4122 1023 4195 viri,
1051 4121 1189 4182 dum
1220 4121 1364 4180 nihil
1392 4120 1767 4178 inexcussum
1799 4114 2023 4184 volunt,
2067 4120 2127 4169 et
2153 4107 2466 4168 fastidiunt
2488 4106 2732 4179 leviora,

545 4218 680 4298 plus
720 4219 985 4299 profecto
1014 4219 1260 4280 nominis
1286 4226 1598 4298 usurpant,
1642 4232 1820 4295 quam
1865 4218 2093 4292 ponant
2134 4220 2347 4288 operae·
2431 4203 2732 4275 Quemad-
