3050 4942
888 427 990 488 ns
1037 424 1338 478 comcls
1380 425 2016 478 Dlusnsromsus.
2415 415 2544 481 147

350 570 550 637 Quare
579 578 643 630 et
668 569 884 630 crescit
907 570 1119 643 oratio,
1166 579 1230 630 et
1256 569 1392 631 talis
1432 580 1545 644 est,
1589 581 1657 632 ut
1682 572 1888 650 quavis
1913 571 2131 651 pedum
2160 571 2547 653 dispositione

346 667 539 746 potior
563 665 666 726 sit.
751 667 843 727 Ita
881 668 1120 727 curiosa
1161 668 1293 728 haec
1333 668 1578 747 ingenia
1624 686 2031 747 saepenumero
2051 668 2275 749 judicio
2319 682 2551 743 carent,

350 763 444 822 De
470 764 829 826 comicorum
855 783 1129 826 versuum
1159 763 1423 836 materia,
1468 764 1840 844 partiumque
1867 765 2221 843 quantitate,
2250 768 2392 827 satis
2423 767 2545 828 dis-

345 870 618 938 putatum
657 871 787 927 est:
846 860 922 921 de
977 860 1236 940 ipsarum
1291 861 1545 939 partium
1596 880 1841 922 numero
1888 861 2171 943 deinceps
2222 862 2544 926 videamus.

348 954 671 1036 PrincipiO,
699 957 860 1036 quod
889 969 1066 1017 antea
1106 958 1166 1016 in
1194 955 1356 1018 libris
1385 955 1460 1017 de
1504 958 1648 1018 Arte
1691 955 1941 1020 Poetica
1970 953 2304 1032 statuim'us,
2333 959 2430 1024 hie
2457 981 2547 1021 re-

346 1054 674 1132 petendum
701 1064 825 1115 est:
856 1054 1080 1115 Versus
1108 1074 1211 1133 per
1240 1054 1406 1115 initia
1425 1065 1628 1118 curtos
1657 1054 1862 1128 fuisse,
1891 1056 2126 1118 duobus
2149 1055 2226 1115 ad
2257 1076 2547 1118 summum
2630 1048 2635 1052 ’

346 1161 666 1212 contentos
694 1151 973 1231 pedibus.
1038 1150 1108 1212 Id
1136 1152 1297 1232 quod
1325 1163 1388 1213 et
1414 1153 1640 1214 ratione
1663 1152 2214 1231 comprehenditur:
2257 1152 2548 1232 siquidem

351 1257 557 1325 partes
588 1257 717 1308 toto
763 1267 1006 1327 corpore
1058 1249 1280 1328 priores
1311 1259 1485 1310 sunt:
1528 1259 1592 1311 et
1634 1249 1959 1331 exemplis:
2025 1252 2109 1312 sic
2155 1251 2311 1311 enim
2359 1260 2551 1312 ortum

347 1364 482 1404 esse
533 1345 789 1424 primum
839 1346 1135 1424 senarium
1181 1347 1241 1406 in
1271 1347 1563 1426 Apollinis
1597 1366 1819 1428 pugna,
1864 1368 2043 1427 quam
2087 1367 2224 1412 cum
2274 1346 2549 1428 Pythone

348 1441 675 1512 conseruit,
714 1461 789 1503 ex
816 1441 918 1502 illa
965 1442 1215 1523 simplici
1244 1443 1702 1508 acclamatione:
1747 1449 1802 1517 ἰὴ
1830 1447 2028 1506 παιάν.
2098 1446 2293 1515 Quam
2321 1464 2457 1508 cum
2482 1454 2548 1504 et

350 1538 654 1611 iterarent,
683 1548 746 1599 et
770 1540 1231 1618 frequentarent,
1280 1551 1481 1604 natum
1528 1543 1697 1604 aiunt
1722 1542 2054 1604 senarium:
2097 1562 2217 1621 quo
2244 1550 2551 1621 tantopere

343 1638 405 1697 in
435 1636 561 1696 suis
585 1637 837 1722 oraculis
863 1647 1074 1717 postea
1103 1638 1203 1698 ille
1229 1638 1580 1702 celebrarit:
1626 1640 1710 1714 Ἰὴ
1738 1645 1935 1712 παιὰν,
1965 1644 2020 1712 ἰὴ
2037 1644 2239 1713 παιὰν,
2269 1644 2324 1710 ἰὴ
2351 1641 2550 1700 παιάν.

353 1734 489 1801 Qua
516 1732 597 1792 de
620 1752 803 1793 causa
830 1732 989 1812 apud
1019 1742 1291 1796 auctores
1321 1734 1699 1808 Fabula-um,
1737 1736 2001 1797 invenias
2029 1737 2206 1797 unica
2230 1755 2374 1798 voce
2403 1754 2547 1797 con-

350 1841 584 1891 tentum
607 1849 839 1889 versum
866 1850 883 1889 :
927 1839 995 1890 ut
1019 1829 1081 1888 in
1111 1831 1400 1894 Eunucho
1425 1853 1442 1894 :
1486 1840 1503 1868 ⁴
1525 1834 1784 1895 Occidi!
1845 1833 1965 1895 Sed
1992 1842 2054 1894 et
2076 1831 2553 1913 monosyllabum.

351 1926 693 1987 interdum:
759 1936 826 1986 ut
864 1925 924 1986 in
971 1925 1260 1988 Hecuba:
1315 1928 1448 1991 Φεῦ.
1549 1930 1628 1990 Et
1672 1929 1880 1991 eadem
1911 1929 2209 2010 geminata
2234 1948 2400 2000 voce,
2430 1928 2551 1990 dis-

352 2023 555 2102 tinctae
585 2042 784 2095 voces,
822 2023 974 2083 utin
1017 2022 1217 2098 Pluto,
1265 2028 1419 2087 utin
1450 2026 1701 2091 Oreste:
1744 2025 1806 2098 ἆ,
1835 2027 1895 2089 ἅ.
1980 2028 2059 2088 Et
2083 2026 2440 2107 conjuncta:
2483 2034 2552 2086 ut

356 2120 415 2178 in
447 2119 783 2180 Philoctete
833 2120 1187 2200 Sophoclis:
1246 2124 1590 2186 ’Aru-ararit.
1675 2125 1962 2205 Repetitis
2004 2123 2220 2184 deinde
2256 2122 2550 2182 tractibus

353 2216 759 2296 productiores
789 2217 969 2280 facti:
1036 2229 1105 2279 ut
1145 2220 1204 2280 in
1235 2221 1547 2282 Nubibus:
1591 2220 1722 2295 Ἰοῦ,
1753 2226 1858 2283 ἰού.
1940 2222 2073 2281 Ηοο
2099 2239 2337 2300 quoque
2376 2220 2462 2278 ita
2488 2219 2550 2277 in

356 2313 698 2382 Trinummo
743 2301 1117 2395 duplicatum
1165 2317 1299 2390 fuit,
1347 2327 1414 2378 ut
1457 2317 1704 2380 dimeter
1752 2318 1953 2378 fieret:
2023 2318 2115 2377 «ο
2167 2314 2466 2386 Callicles,
2495 2315 2549 2376 o

356 2410 679 2472 Callicles.'
757 2412 936 2491 Ergn,
981 2434 1117 2476 cum
1159 2413 1278 2474 duo
1306 2414 1527 2493 pedum
1556 2425 1758 2475 essent
1785 2434 2025 2494 genera,
2070 2414 2317 2474 alterum
2360 2423 2549 2472 moto-

357 2509 527 2581 rium,
557 2509 805 2569 alterum
837 2511 1145 2572 statarium
1171 2532 1186 2572 τ
1227 2512 1332 2590 qui
1364 2532 1566 2573 versus
1594 2532 1669 2574 ex
1694 2511 1958 2573 :notoriis
1985 2520 2346 2582 constarent,
2389 2509 2449 2567 in
2480 2508 2553 2569 iis

356 2605 525 2665 binos
553 2604 741 2685 pedes
770 2606 1020 2686 singulis
1043 2608 1327 2669 collectos
1354 2608 1640 2670 tractibus
1667 2608 1995 2669 feriebant:
2024 2608 2125 2687 qui
2153 2603 2349 2668 autem
2373 2626 2405 2665 e
2434 2616 2554 2666 sta-

357 2701 519 2762 tariis
535 2702 970 2777 conflabantur,
999 2704 1144 2764 satis
1164 2705 1465 2764 habebant
1485 2724 1664 2764 suum
1684 2703 1898 2783 cuique
1926 2702 2057 2764 sedi
2084 2702 2292 2781 pedem
2319 2702 2551 2762 referre.

361 2798 427 2856 In
457 2799 638 2878 priori
680 2786 874 2861 classe
918 2801 1032 2860 fuit
1078 2799 1493 2880 pyrrhichius:
1561 2799 1730 2880 cujus
1756 2818 1964 2859 versus
2009 2796 2330 2877 Enopolios
2357 2796 2553 2858 dictus

360 2902 491 2955 est:
534 2915 659 2974 quo
687 2896 780 2958 usi
818 2916 1024 2957 snmus
1049 2916 1159 2957 nos
1187 2906 1314 2956 toto
1357 2895 1673 2976 poematiO,
1715 2894 1876 2975 quod
1912 2894 2319 2956 dicaveramus
2366 2893 2553 2980 Sileni

363 2991 701 3054 natalibus:
765 3001 782 3029 ⁴
808 2994 995 3056 Modo
1043 2996 1197 3055 citus
1247 3012 1360 3074 ego
1412 2993 1567 3072 pede
1602 2992 1799 3054 celere
1843 2991 2032 3072 magis
2080 3011 2194 3070 ago
2239 3008 2552 3050 numeros:

362 3088 650 3167 Abeoque
676 3090 906 3151 Venere
955 3090 1109 3151 duce
1159 3091 1293 3151 loca
1321 3109 1499 3169 super
1538 3089 1661 3151 alia
1684 3089 1938 3151 volans.’
2019 3090 2096 3149 Et
2143 3086 2452 3166 Euripides
2494 3085 2554 3145 in

364 3184 615 3246 Oreste:
656 3187 833 3265 Χρέος
873 3190 1112 3268 ἐμόλετέ
1149 3208 1323 3248 rore:
1386 3185 1787 3248 Ἀναηέλαδον
1813 3188 1927 3248 ἀπὸ
1962 3192 2191 3268 λέχεος.
2272 3183 2557 3264 Ejusdem

363 3283 599 3360 generis
654 3295 767 3357 est,
819 3286 1070 3358 iambus,
1122 3285 1439 3358 trochaeus,
1494 3284 1843 3346 tribrachus.
1941 3285 2011 3343 In
2060 3280 2323 3343 secundo
2370 3298 2556 3342 censu

364 3378 690 3457 spondoeus
716 3381 989 3454 habetur,
1035 3381 1333 3462 dactylus,
1381 3390 1747 3460 anapaestus,
1773 3378 2354 3460 proceleusmaticus,
2383 3376 2557 3436 creti«

363 3494 491 3548 cust,
549 3476 1006 3555 amphimacrus,
1057 3477 1362 3550 bacchius,
1408 3476 1889 3557 palimbacchius.
1980 3476 2188 3555 Neque
2243 3492 2379 3536 vero
2430 3472 2556 3533 sine

365 3567 595 3635 ratione
645 3573 755 3634 fuit
800 3574 934 3636 boc.
1015 3574 1089 3634 Iu
1132 3574 1226 3635 his
1270 3594 1528 3653 namque
1575 3576 1842 3649 vocibus,
1890 3574 2302 3637 accentionum
2346 3580 2560 3630 natura

364 3678 640 3747 quatuor,
667 3681 774 3732 aut
811 3672 1073 3751 quinque
1100 3673 1461 3751 temporibus
1489 3672 1766 3752 frequens
1794 3681 1904 3734 est.
1988 3672 2146 3749 Ergo
2174 3666 2400 3729 statarii
2428 3685 2557 3725 ver·-

367 3784 468 3826 sus
495 3786 572 3826 ex
599 3766 819 3846 pedum
846 3787 1092 3828 numero
1119 3788 1334 3829 nomen
1378 3769 1729 3827 obtinuere:
1790 3768 1876 3828 ita
1901 3783 1970 3827 ut
2007 3763 2248 3834 heroici,
2274 3761 2556 3839 quoniam

370 3881 471 3924 sex
521 3862 826 3941 spondaeis
851 3872 1220 3936 constarent,
1259 3862 1483 3924 senarii
1512 3861 1879 3923 dicerentur:
1937 3861 2172 3921 motor-ii
2213 3867 2410 3919 autem
2437 3863 2558 3917 non

368 3958 545 4020 item:
591 3959 695 4038 qui
737 3961 814 4019 ob
841 3961 1205 4021 celeritatem
1247 3960 1393 4022 satis
1426 3960 1778 4032 habuerunt,
1823 3979 1896 4019 ex
1923 3956 2166 4020 dimi-dio
2192 3965 2422 4016 tantum
2450 3972 2559 4013 no-

374 4073 507 4114 men
533 4057 647 4116 sibi
671 4055 925 4118 ,retinere
945 4076 965 4115 :
1020 4067 1333 4138 propterea
1377 4056 1542 4137 quod
1586 4056 1709 4117 bini
1745 4055 2058 4137 prodirent
2102 4053 2318 4114 simul:
2378 4062 2559 4129 atque

377 4152 457 4212 ita
483 4152 706 4214 factum
731 4165 845 4227 est,
869 4163 957 4227 ut,
984 4155 1199 4233 quibus
1247 4166 1455 4215 essent
1488 4153 1673 4234 pedes
1720 4154 1874 4225 bini,
1904 4153 1946 4212 ii
1993 4149 2338 4211 monometri
2382 4166 2558 4210 roca.-

384 4259 608 4310 rentur:
658 4251 874 4334 quibus
923 4260 1196 4330 quatuor,
1241 4250 1513 4315 dimetri:
1575 4252 1787 4330 quibus
1839 4270 1965 4326 sex,
2012 4247 2288 4312 trimetri:
2346 4245 2560 4328 quibus
